2838 4590
698 171 753 255 sio
831 264 834 268 ,
1391 247 1396 364 p

143 378 149 396 ’
217 395 297 460 Non
317 399 437 460 rectiut
459 396 654 478 vituperavit
675 393 724 460 eis
738 391 873 464 disse.
900 411 945 480 17.
969 408 1002 460 et
1023 397 1167 479 odetuna
1190 421 1221 462 v.
1249 398 1318 477 126,

134 484 221 550 conf.
245 483 340 550 Stura
363 481 403 543 de
426 481 502 549 dial.
517 482 644 544 Maced.
667 493 700 542 et
722 483 817 548 Alex·
838 503 870 563 p.
898 499 961 548 210
980 483 1122 549 Lobeck.
1139 486 1182 546 ad
1193 483 1318 566 Pbryn.

133 589 165 650 p.
188 576 247 652 48,
279 569 369 629 unde
390 569 559 649 apparebit
568 579 582 644 ,'
607 570 912 651 grammaticorum,
948 589 1030 648 quae
1053 573 1149 650 jactat
1170 571 1318 632 Eiehutaa
1395 631 1396 650 χ

134 655 216 738 dius,
240 667 411 735 praecepta
432 652 564 718 dicendi
585 674 646 714 usu
668 654 798 714 abunde
814 655 987 718 confutari.
1305 677 1309 683 ·
1385 667 1396 754 'i

220 741 316 820 Quod
329 741 470 822 denique
492 740 552 804 ille
569 740 748 818 contendit,
771 737 1005 820 pronominum
1018 739 1186 824 emisenus
1207 764 1237 804 v.
1258 738 1317 816 163
1395 767 1396 770 ¹

135 837 169 885 et
193 825 385 910 σφωΐτερος
413 847 442 888 v.
473 829 514 900 55
544 843 606 886 usu
627 826 759 886 insolito
781 845 854 896 rem
884 825 1016 901 confici,
1041 839 1178 908 gratum
1200 827 1237 886 id
1258 845 1316 887 no.

133 913 184 974 bis
216 933 283 974 esse
313 923 435 993 posset,
473 910 797 992 quod-Theocritum
825 923 914 974 recte
940 930 960 970 a
983 913 1077 973 nobis
1108 912 1146 972 in
1171 912 1319 973 Alexan·

134 997 307 1061 drinonum
329 1017 509 1058 numerum
531 997 672 1066 relatum
693 1017 760 1058 esse
781 998 954 1078 probat-ets
983 998 1040 1058 sed
1062 1008 1193 1064 tautum
1214 999 1316 1072 abest,

133 1095 171 1144 ut
191 1103 266 1148 usus
288 1083 348 1144 ille
373 1083 677 1144 Alexandrinorum
699 1081 833 1144 demum
855 1083 895 1143 sit
916 1085 1080 1164 proprius,
1109 1083 1207 1144 utin
1230 1083 1319 1150 ordi.

132 1187 213 1236 nem
234 1171 340 1252 potius
361 1169 500 1250 coegisse
518 1178 663 1229 errantes
681 1167 743 1232 hac
756 1170 793 1230 in
810 1188 847 1229 ne
863 1181 973 1249 poetas
989 1168 1195 1234 Aristarchus
1209 1169 1320 1232 videa-

41 1309 44 1318 .
132 1265 188 1315 tur
213 1257 257 1334 ¹).
279 1257 404 1316 Verum
425 1272 533 1332 neque
557 1251 598 1315 ob
620 1271 677 1328 ea,
715 1273 797 1334 quee
830 1255 868 1316 in
899 1253 962 1314 hoc
990 1255 1229 1334 pronominum
1251 1275 1320 1316 usu
1384 1236 1388 1341 ξ

131 1359 265 1402 novasse
285 1341 414 1402 videtur
435 1335 648 1416 Theocritus,
678 1339 840 1419 siquidem
863 1339 1038 1420 quidquam
1059 1341 1207 1416 novavit,
1239 1339 1318 1400 adeo

130 1423 445 1508 reprehendendum
467 1442 544 1486 eum
566 1443 632 1490 esse
654 1437 743 1504 puto.
765 1425 859 1486 Licet
875 1425 966 1486 enim
982 1422 1146 1508 epicopis
1156 1445 1223 1506 pro
1238 1422 1319 1504 ἐμὸς

133 1512 270 1584 dixerit,
294 1531 363 1570 non
383 1512 492 1586 major
513 1529 551 1570 ea
573 1522 620 1570 est
641 1510 792 1584 audacie,
817 1524 915 1592 quatu
937 1512 1075 1570 auctoris
1096 1511 1265 1572 Prooemii
1284 1514 1320 1572 in

131 1597 270 1658 Hesiodi
291 1595 398 1676 Opera
420 1609 453 1657 et
476 1595 554 1656 Dies
575 1615 644 1656 non
666 1595 840 1670 Hesiodei,
864 1595 920 1656 sed
943 1595 1062 1657 Wolfio
1091 1597 1193 1656 etiam
1222 1604 1317 1679 spo'n.

132 1703 204 1744 sore
228 1693 275 1744 eet
295 1683 427 1760 vetusti,
459 1681 682 1762 etApollonii
703 1681 825 1744 Rhodii
846 1679 901 1744 Ν.
927 1687 1026 1756 13273
1055 1682 1095 1742 iis
1118 1683 1212 1742 enim
1235 1681 1318 1764 6q1tb·

131 1781 229 1848 τερος
250 1779 297 1828 est
319 1777 464 1830 vester
487 1769 589 1845 (conf.
609 1765 775 1828 Theocrit.
793 1766 898 1830 XXII.
921 1758 997 1862 62);'
1013 1767 1096 1828 etad
1113 1769 1317 1850 singularem

131 1856 312 1920 numerum
340 1855 527 1915 retulerunt
546 1852 706 1918 Hesiodus
737 1865 770 1913 et
800 1852 958 1916 Pindarus
984 1853 1029 1930 ²),
1064 1872 1141 1934 qnos
1170 1856 1317 1934 sequitur

133 1939 497 2021 Callimachus'Hy'mn.
519 1940 556 1998 in
577 1938 701 2002 Delum
723 1961 751 2000 v.
775 1944 847 2014 933,
871 1939 929 2000 ubi
951 1931 1024 2022 vide
1046 1937 1294 2019 spanhemium.
1395 1947 1396 2008 I

220 2026 285 2086 Sed
305 2027 387 2086 haec
409 2027 449 2086 de
471 2025 584 2104 lingua
605 2024 772 2084 hactenus.
818 2025 988 2103 Quantum
1009 2024 1050 2084 ed
1071 2027 1227 2102 metrum,
1252 2025 1314 2106 syl·
1389 2002 1393 2109 i

132 2113 245 2178 labam
264 2111 409 2176 mediam
425 2113 462 2170 in
479 2109 615 2172 nomine
631 2106 764 2187 nondun
780 2109 1200 2190 pendnetem-reprehendit
1216 2111 1315 2172 Eieh.
1395 2115 1396 2122 ’

134 2197 274 2268 stadius,
307 2191 404 2274 quem
432 2194 511 2254 iude
544 2193 584 2254 ab
609 2189 788 2274 Euripiden
817 2215 896 2257 aevo
924 2195 1060 2274 produci
1091 2197 1213 2260 solitam
1242 2215 1311 2259 esse

134 2281 419 2344 docuitPessovius
440 2281 477 2338 iu
494 2279 608 2340 ¹lexico
630 2299 686 2342 suo
709 2281 856 2363 egregi03
870 2295 877 2306 ”
890 2280 966 2359 vide
989 2282 1088 2350 etiem
1111 2281 1207 2366 Toup.
1223 2279 1306 2348 Add.

134 2367 178 2428 Et
199 2369 235 2428 in
256 2366 319 2428 hoc
340 2383 408 2425 uno
432 2363 574 2426 substitit
598 2365 667 2425 ille.
1248 2396 1251 2406 ν

191 2454 193 2458 ’
218 2453 430 2530 ieiunitatem
446 2463 557 2515 autem
570 2465 603 2512 et
614 2454 810 2514 tenuitatem
826 2452 852 2511 si
874 2451 929 2532 qui
945 2452 1085 2526 carmini
1104 2452 1313 2534 exprobrant,

135 2542 209 2602 illos
232 2541 266 2600 in
296 2539 459 2601 auxilium
480 2538 620 2612 vocabo,
654 2541 709 2619 qui
739 2538 891 2600 carminis
917 2539 1075 2598 eximiam
1096 2537 1317 2618 pulchritudi÷

133 2622 308 2692 uenientis
329 2626 444 2684 mirari
465 2643 533 2684 nen
554 2638 696 2704 possunt.
724 2623 815 2684 Illud
835 2635 964 2684 tentum
984 2623 1147 2704 adjiciam,¹
1169 2625 1319 2696 carmine

134 2711 243 2774 XXIV
267 2722 299 2769 et
314 2709 406 2778 'XXV
423 2729 492 2770 non
509 2711 639 2786 majoris
658 2711 816 2790 poematis
832 2709 1026 2789 fragmenta,
1050 2710 1106 2770 sed
1122 2712 1212 2792 prius
1231 2709 1319 2772 illud

135 2815 211 2864 oum
232 2793 376 2878 Briggeio
397 2815 459 2862 nec
483 2796 578 2862 initio
607 2813 669 2862 noc
691 2795 758 2858 fine
779 2794 936 2862 mutilum
955 2793 1070 2865 rideri.

676 2965 702 3040 §-
746 2969 776 3039 5.

276 3102 337 3181 De
361 3101 638 3170 carminibus
656 3122 708 3171 ex
730 3113 857 3182 parte
880 3077 1169 3174 adulterinis.

146 3278 150 3282 .
185 3245 188 3254 “
219 3239 293 3310 Jam
310 3219 560 3320 tria'supersunt
577 3231 734 3312 cermina,
753 3239 828 3312 VII,
842 3235 930 3300 VIII
949 3243 1051 3315 uix,
1069 3236 1211 3322 quorum
1233 3239 1323 3300 iilud

136 3321 306 3406 proprium
318 3345 383 3399 esse
394 3325 517 3400 dicunt,
541 3324 626 3406 quod
638 3343 680 3384 ex
687 3335 915 3405 partetantum
927 3338 1002 3385 sunt
1010 3329 1163 3407 genuina.
1185 3325 1240 3386 De
1252 3326 1323 3385 illis.

136 3412 239 3499 igitur
249 3413 284 3469 in
296 3409 385 3470 calce
396 3431 538 3471 sconsum
550 3409 711 3491 agendum
724 3423 780 3475 est.
803 3412 851 3479 Ac
863 3409 903 3470 de
915 3413 1050 3490 septimo
1062 3413 1195 3492 quidem
1207 3431 1323 3492 supere

32 3543 35 3570 ι
136 3497 256 3564 sedebo
275 3495 398 3564 Reiskii
418 3497 592 3580 profligare
614 3499 827 3571 sententiam,
858 3497 913 3576 qui
937 3517 1013 3557 cum
1036 3497 1193 3558 Wertono
1220 3496 1322 3558 Simi-

56 3607 58 3614 ·
138 3583 255 3654 chidae
274 3599 342 3648 non
364 3580 534 3663 Theocriti
567 3597 633 3641 esse
667 3601 803 3644 carmen
838 3581 951 3647 edixit.
995 3587 1041 3646 Ut
1069 3585 1160 3644 enim
1188 3591 1326 3644 taceam

137 3682 187 3730 tot
206 3667 494 3752 grammaticorum
521 3660 727 3753 testimodia,
760 3683 899 3756 quorum
926 3671 983 3729 vix
1010 3669 1081 3738 ullo
1105 3669 1145 3753 de
1167 3671 1326 3740 carmine

206 3894 234 3961 ι)
256 3889 346 3971 Οοιιΐ.Ι
358 3889 392 3944 de
409 3891 579 3962 pronomine
598 3880 762 3964 σφέτερος
784 3897 829 3950 Fr.
855 3897 888 3954 A.
906 3865 1047 3952 Wolfiuin
1076 3897 1106 3949 in
1125 3891 1264 3972 ‘Prolegg.
1288 3891 1326 3958 ad

137 3964 513 4098 flengncphptpipielpttpdpt
524 3961 601 4096 ludite,
617 3963 766 4024 Heinrich.
786 3965 820 4070 ad
840 3963 1043 4072 liesiod;'·dcut
1071 3967 1156 4034 Herc.
1175 3985 1204 4026 r.
1223 3971 1270 4040 902
