2838 4590
642 209 763 318 53„

18 495 41 535 „
73 440 247 511 Theocriti
286 449 355 506 non
370 439 535 506 bucolica
563 459 633 510 non
671 441 792 511 eodem.
819 443 961 506 modulo
975 459 1053 508 ‘esse
1085 439 1263 512 metienda.

75 533 232 614 Quamvis
257 532 348 592 enim
369 528 429 592 Ille
450 529 593 609 benigne
621 521 747 610 ingenii
777 549 860 592 vena
887 530 1031 614 reliquos
1053 532 1165 591 aetatis
1180 551 1263 592 suae
1296 605 1303 609 .

18 608 37 697 ff
72 630 188 699 poetas
203 616 376 696 superavit,
398 625 683 695 magnamtamen
704 613 810 692 laudis
831 629 959 696 partem
979 618 1041 678 sibi
1064 616 1207 698 deposcit
1232 629 1265 678 et
1282 657 1285 681 1

75 717 207 786 arroget
226 702 312 762 felix
333 700 393 775 illa
413 703 485 762 τῶν
505 700 778 780 βουκολιασμών
796 702 945 778 imitatio,
961 738 965 750 ι
979 721 1117 783 quorum
1138 703 1264 783 simpli.

18 783 37 864 ss
75 810 153 852 Sem
173 799 376 851 venusttum
398 799 431 846 et
452 787 598 866 leporem
620 786 768 850 nativum
791 788 828 846 in
848 789 995 850 carmina
1016 807 1072 850 sua
1085 791 1264 850 transferre
1296 866 1299 878 1

19 932 29 950 „
75 876 165 936 conti
190 876 262 939 erit.
462 919 466 926 .
587 915 593 924 .
867 915 872 924 .
1052 917 1057 930 .

82 993 85 998 -
165 895 209 1026 lit
232 961 268 1018 in
290 955 424 1037 reliquis
442 952 661 1031 carminibus,
695 967 777 1037 quae
797 972 867 1019 non
889 958 996 1020 solum
1020 975 1039 1020 a
1061 959 1266 1022 bucolicoxet

19 1043 35 1122 ,ζ
75 1047 214 1108 mimico
238 1063 369 1126 genere,
401 1042 457 1104 sed
487 1063 518 1106 a,
535 1040 721 1104 Siculorum
741 1045 875 1124 ingenio
903 1057 935 1105 et
963 1045 1110 1106 moribus
1130 1047 1266 1110 omnino

18 1125 35 1142 ”⁹
74 1144 154 1195 sunt
176 1131 431 1212 aliena,·aetatis
452 1146 528 1187 suae
548 1147 617 1186 uon
633 1128 826 1192 dissimilem
840 1130 994 1210 reperias,
1019 1151 1101 1212 quae
1118 1133 1266 1194 Wartoni

29 1277 32 1284 ,
74 1218 178 1280 etiam
199 1215 362 1277 sententia
381 1213 481 1274 fuisse
504 1213 641 1276 videtur.
698 1239 701 1244 ·
1056 1293 1058 1297 ι
1084 1291 1087 1298 .
1192 1273 1194 1278 ,
1261 1263 1271 1284 ,,

150 1301 336 1370 ,Nescimus
359 1301 470 1374 etiam,
494 1299 574 1380 quid
595 1297 809 1364 Theocritum
831 1292 872 1361 ad
894 1319 1029 1362 carmen
1049 1296 1158 1360 XXVI
1175 1318 1266 1362 com·

18 1391 31 1462 Js
75 1388 270 1470 ponendum
293 1385 484 1466 impulerity
527 1385 700 1459 nescimus,
733 1399 846 1466 sponte
867 1386 930 1447 hoc
953 1398 1182 1468 argumentum
1205 1387 1267 1446 sibi

18 1467 29 1522 1²
76 1475 220 1554 ‘elegerit
252 1490 380 1560 necpe3
425 1490 504 1532 nam
534 1469 620 1532 illud
650 1471 784 1550 quidem
815 1484 959 1548 constat,
1004 1469 1157 1532 mercede
1178 1489 1267 1532 con-

18 1567 27 1632 ζ
80 1560 194 1619 ductos
215 1558 309 1635 hujus
332 1559 401 1620 aeri
424 1569 533 1638 poetas
555 1576 597 1616 ex
618 1555 773 1618 mandato
794 1575 903 1618 versus
925 1557 1068 1618 adolesse
1097 1559 1139 1633 ¹).
1166 1555 1266 1642 Equi-

18 1713 23 1730 Ὗ
79 1645 158 1714 dem
180 1663 239 1724 pro
260 1644 385 1724 hymno
410 1643 447 1702 in
463 1643 646 1722 Dionysum
667 1661 801 1702 carmen
823 1643 1011 1717 habuerim,
1045 1655 1153 1706 motus
1173 1663 1267 1724 prae*

78 1732 176 1810 cipue
198 1731 380 1810 posteriore
399 1729 467 1807 ejus
488 1741 590 1808 parte.
634 1729 759 1788 Vereor
782 1729 900 1800 etiam,
939 1748 982 1790 ne
1012 1730 1129 1789 nostris
1158 1732 1267 1808 potius

18 1815 21 1835 ⁵
77 1816 248 1890 sensibus,
289 1834 387 1896 quam
408 1821 567 1880 ‘veterum
591 1813 712 1890 judicio
742 1815 897 1874 carminis
918 1815 1062 1892 pretium
1082 1816 1269 1876 taxaverint

78 1901 192 1962 acerbi
215 1902 282 1978 ejus
304 1901 547 1978 vituperatores.
590 1899 692 1960 Lusus
715 1900 805 1958 euim
826 1900 1001 1960 verborum
1028 1900 1065 1958 in
1086 1921 1116 1965 v.
1137 1898 1178 1964 26
1198 1917 1269 1962 uon

77 1997 252 2066 tantopere
277 2004 408 2046 movere
430 1980 570 2046 debebat
591 1978 799 2060 Harlesium‚
838 2003 907 2046 uon
932 1985 1104 2064 ignarum,
1143 1989 1267 2066 quoties

78 2075 159 2136 talia
181 2073 242 2132 sibi
263 2061 461 2131 indulserint
483 2072 597 2152 optimi
621 2074 741 2152 quique
763 2071 935 2150 scriptores
958 2069 1008 2149 ²).
1040 2068 1136 2150 Quod
1157 2085 1268 2135 autem

81 2155 565 2238 comicotragoedihmcarmen
586 2157 672 2218 illud
693 2157 773 2218 dicit
789 2156 1000 2232 Eichstarlius,
1023 2157 1060 2215 in
1074 2159 1267 2219 tractatione

35 2303 38 2308 .
80 2245 201 2308 comici
222 2241 307 2304 nihil
333 2243 438 2302 inesse
463 2243 576 2316 videor
604 2257 789 2304 rosentem
809 2245 888 2324 ipsa,
912 2259 984 2303 cum
1004 2241 1093 2323 vulgi
1115 2245 1268 2324 superstia

78 2330 226 2392 tionibus
247 2341 285 2389 ut
307 2345 387 2408 quae
410 2331 556 2390 maxime
580 2347 728 2390 connexa
759 2342 791 2388 et
820 2321 980 2409 religione
1010 2339 1133 2388 sacrata
1164 2329 1268 2404 risum

79 2433 216 2476 movere
232 2414 366 2476 Graecis
386 2413 565 2474 lectoribus
580 2413 667 2472 haud
681 2417 822 2494 potuisse
839 2414 977 2477 videtur.
996 2407 1133 2474 ‘lenius
1156 2417 1267 2490 etiam,

80 2507 182 2577 puto,
218 2499 376 2573 judicabit
398 2497 437 2560 de
459 2498 521 2558 hoc
543 2500 708 2574 carmine,
745 2502 888 2581 quisquis
908 2516 986 2560 curn
1012 2493 1268 2568 co‚Gallimachi
1310 2569 1312 2578 ¹

81 2582 224 2662 hymnos
247 2582 470 2656 contenderit,
508 2585 564 2663 qui
596 2603 690 2664 saepe
719 2583 822 2645 risum
843 2585 931 2646 ultro
954 2598 1084 2665 captare
1106 2586 1268 2650 videntur.
1299 2629 1308 2644 χ

83 2668 181 2729 Conf.
210 2687 238 2727 e.
260 2687 289 2747 g.
312 2667 435 2746 Hymu.
456 2667 555 2730 Dian.
579 2666 618 2740 65
641 2689 743 2749 seqq..
762 2669 802 2728 de
829 2670 1026 2750 Cyclopibus
1049 2683 1081 2730 et
1100 2671 1269 2734 Mercurio

83 2753 227 2815 carbone
251 2751 371 2832 oblitos
395 2774 424 2815 r.
451 2751 510 2832 146
532 2773 619 2833 seqq.
643 2753 683 2813 de
706 2754 859 2816 Herculis
881 2757 1055 2816 voracitate
1078 2770 1138 2822 etc.

90 2851 93 2856 ’
169 2839 220 2900 Ab
243 2849 434 2919 argumento
458 2851 490 2897 et
514 2837 663 2912 dialecto,
698 2843 913 2919 quantumin
933 2843 1027 2902 nobis
1049 2855 1130 2920 erat,
1158 2856 1269 2907 tutum

79 2925 302 3008 praestitimus
321 2923 497 3002 Hymnum
517 2925 615 2985 illum
638 2926 675 2984 in
697 2919 880 3002 Dioscuros,
902 2926 1180 3008 (nam‘hymnum
1201 2951 1273 2994 non
1298 2993 1302 3006 ,

82 3013 198 3072 dubito
231 3030 307 3070 cum
338 3003 532 3073 Valckenar.
565 3023 598 3070 et
625 3007 771 3072 lacobsio
804 3012 970 3094 appellare
999 3033 1133 3075 carmen
1163 3015 1268 3091 XXII,

81 3111 252 3160 auctorem
270 3108 401 3181 ,secutus
423 3094 590 3160 Scholiastr
614 3096 655 3156 ad
676 3098 840 3180 Aristoph.
864 3100 922 3162 Ar.
938 3121 967 3165 v.
986 3107 1044 3182 711
1071 3111 1103 3160 et
1125 3091 1164 3160 ati
1180 3091 1268 3162 Plut.

83 3207 112 3247 ν.
138 3183 234 3258 oto).
280 3173 343 3242 Seri
372 3181 576 3243 Eichstadius
607 3201 685 3243 eum
726 3185 766 3244 ab
797 3179 1025 3246 Alexandrino
1058 3185 1217 3266 rhapsodo
1250 3208 1268 3248 e

19 3291 20 3324 1
81 3267 232 3350 pluribus
255 3270 436 3329 carminum
457 3269 626 3348 particulis
647 3270 758 3350 inepte
782 3283 955 3330 consutum
979 3272 1034 3344 ait,
1055 3289 1124 3330 non
1147 3271 1269 3333 diisen-

19 3393 21 3408 ,
82 3356 188 3414 tiente
209 3343 414 3428 lleinholdo,
455 3356 511 3434 qui
539 3366 709 3434 praeterea
732 3357 944 3436 posteriorem
966 3368 1106 3435 partem,
1130 3361 1269 3438 qua¹Ca-
1314 3413 1318 3424 .
1354 3363 1356 3374 '

19 3460 21 3494 J
81 3440 176 3500 storis
200 3457 275 3498 cum
300 3437 443 3516 Apharei
465 3439 542 3500 filiis
566 3453 674 3522 pugna
696 3441 903 3517 describitur,
932 3443 1042 3522 priore
1064 3442 1162 3526 longe
1183 3445 1270 3506 infe·
1334 3501 1338 3522 ,

19 3545 20 3579 i
80 3528 206 3588 riorem
234 3522 397 3600 judicavit.

98 3712 109 3790 ,¹
152 3711 180 3780 1)
219 3706 285 3764 Non
304 3697 399 3794 inepte
417 3695 542 3827 colngeras
551 3742 574 3794 '..
595 3714 666 3828 qupe
683 3693 725 3765 id
744 3695 823 3766 XVI.
841 3717 938 3762 noster
952 3695 986 3762 ils
1003 3700 1114 3782 poetis,
1144 3701 1270 3785 quirin.

82 3775 473 3924 mehellmblidifiilagi·aceieer
490 3783 782 3924 illbbl¹tbyrglbrrdat
801 3843 810 3896 i
834 3863 863 3898 se
879 3841 1036 3924 Harlesius,
1053 3847 1269 3920 Eurip.Troatl'.

22 3947 25 3957 ·
83 3921 143 3980 999.
163 3933 239 3973 rooo.
258 3910 377 3990 Serdler,
397 3909 516 3966 Lobeck
539 3881 574 3964 etl
591 3915 635 3982 Ay.
655 3919 721 3980 4302
752 3863 851 3968 conlisi·
867 3913 950 3968 etiam
970 3933 1064 3986 ipsum
1083 3911 1270 3971 Theocritum

84 3987 126 4076 ici,
145 3997 340 4062 VII.·99.,roo
365 4003 458 4070 spterte
478 3989 509 4050 in
526 3979 980 4076 ye1·bis”lipiorl§-clp162'05
999 3996 1160 4053 ludentem:
1178 4019 1270 4076 neque

83 4079 183 4119 minus
199 4081 335 4122 venustus
353 4065 386 4120 in
402 4065 479 4140 Ly'ci
496 4063 643 4134 cuyusdam
661 4065 780 4122 nomine
796 4079 839 4122 est
855 4066 937 4137 jocus
954 4065 995 4126 id.
1008 4069 1090 4136 XIV,
1107 4079 1194 4141 2224
1207 4085 1268 4146 sqq.
1284 4104 1286 4107 ·

1007 4145 1026 4213 3
