2838 4590
138 419 333 488 adulationis
355 403 528 478 horrorem
548 431 702 495 superare
730 425 869 495 cogeret.
889 433 893 442 ·
913 415 1071 480 Civilibus
1099 419 1191 480 enirn
1221 417 1336 482 turbis

42 511 43 514 ’
138 522 172 570 et
193 505 359 588 periculis
378 501 568 582 capitalibus
598 502 702 582 patria
733 503 886 580 expulsus
909 505 1066 584 principis
1087 505 1337 585 opulentissimi

136 593 243 657 tutela
263 589 478 651 vehementer
499 585 675 666 indiguisse
697 585 844 663 videtur,
885 605 983 669 quam
1013 589 1099 650 nihi]
1121 591 1226 651 obstat
1250 611 1335 670 quo.

137 681 248 744 minus
269 677 331 736 sibi
355 694 431 734 eum
451 672 514 734 hoc
546 673 692 734 carmine
718 691 834 752 parare
858 672 996 736 voluisse
1016 688 1177 757 putemus.
1223 676 1334 755 Quin-

137 767 243 843 immo
274 760 506 838 Theocritum,
544 753 630 838 quod
662 769 733 838 erat
752 757 874 818 saeculi
901 759 1091 841 ingenium,
1128 779 1199 822 non
1228 761 1334 840 plane

136 848 369 918 reformidasse
399 843 622 906 adulationem
651 841 763 914 facile,
782 837 998 922 crediderim,
1046 847 1191 928 facitque
1230 845 1333 923 hujus

139 939 191 998 rei
211 934 313 1000 fidem
333 930 411 992 XVI
436 929 476 990 ad
497 929 680 994 Hieronem
702 947 847 994 carmen.
891 931 986 1010 Quod
1010 944 1121 992 autem
1142 931 1196 990 illi
1217 933 1332 992 minus

141 1013 294 1102 prospere
316 1015 460 1078 laudatio
481 1015 656 1096 processit,
689 1033 757 1072 non
788 1033 922 1076 omnem
952 1017 1085 1096 quidem
1107 1011 1163 1076 sed
1185 1025 1262 1076 e'am
1283 1029 1333 1078 ta-

123 1126 222 1182 ¹men
242 1103 380 1166 laudum
400 1101 572 1165 materiam
594 1099 733 1158 defuisse
756 1093 964 1186 crediderim,
988 1122 1068 1182 quae
1087 1113 1204 1182 poetae
1222 1103 1333 1182 irnpe-

140 1205 214 1253 tum
234 1189 323 1251 ultro
346 1187 526 1256 excitareta
565 1185 708 1266 aliquam
732 1196 843 1244 autem
865 1183 980 1266 culpae
1001 1199 1130 1267 partem
1151 1186 1193 1248 ad
1214 1187 1333 1248 nobile

142 1276 311 1338 Theocriti
344 1286 377 1332 et
405 1271 453 1330 ab
478 1268 664 1342 adulatione
691 1269 839 1330 alienum
860 1272 1031 1352 ingenium
1052 1271 1251 1344 retulerim
1296 1283 1334 1332 ut

99 1377 105 1392 ⁸
142 1363 297 1426 carminis
319 1357 398 1418 vitia
418 1357 455 1415 in
467 1351 664 1428 liberaliore
687 1369 802 1435 poetae
832 1357 944 1417 indole
978 1357 1105 1418 fontem
1139 1357 1332 1430 habuerint.

143 1448 232 1529 Quid
254 1448 352 1528 igitur
372 1443 514 1516 mirum,
550 1443 576 1503 si
597 1441 658 1508 hoc
682 1442 718 1500 in
739 1443 886 1504 carmine
909 1439 1148 1506 Callimachum
1170 1441 1332 1504 Theocri-

142 1549 194 1596 tus
217 1551 279 1596 nec
302 1530 333 1589 vi
355 1527 484 1610 poetica
502 1543 565 1588 nec
587 1528 679 1610 copia
701 1528 938 1604 sententiarum
968 1530 1156 1610 superavit?
1199 1557 1203 1566 ·

66 1611 78 1698 J
227 1617 346 1696 Neque
366 1625 479 1674 tamen
501 1609 687 1694 negandum
710 1625 765 1688 est,
797 1613 908 1691 paullo
929 1614 1074 1694 iniquius
1096 1614 1136 1674 de
1157 1614 1331 1676 nonnullis

143 1703 299 1764 carminis
328 1699 409 1780 locis
437 1693 594 1774 judicasse
623 1697 742 1774 harum
774 1718 888 1758 rerum
916 1699 1147 1764 aestimatores.
1193 1697 1330 1781 Singula

143 1787 278 1872 quidem
297 1795 367 1846 non
387 1786 611 1866 pertractabo;
655 1786 791 1864 longum
810 1785 901 1845 enim
919 1785 1024 1866 foret3
1058 1785 1114 1847 sed
1133 1781 1260 1865 aliquas
1282 1797 1329 1845 ta-

140 1874 221 1938 me'n
244 1873 488 1934 criminationes
511 1870 638 1930 diluere
665 1869 773 1930 liceat.

210 1945 334 2042 'Atq'ue
366 1959 403 2018 in
434 1957 657 2037 plurimorum
687 1953 977 2034 reprehensionem
997 1956 1137 2017 incurrit
1159 1956 1249 2020 locus
1269 1959 1330 2020 ille

143 2051 188 2127 (v.
207 2051 245 2122 81
270 2043 384 2126 seqq),
409 2062 472 2122 quo
494 2042 608 2121 ingens
629 2040 765 2099 urbium
787 2041 823 2098 in
847 2059 947 2121 regno
969 2041 1147 2102 Ptolemaei
1171 2060 1326 2104 numerus

141 2135 297 2198 refertur.
340 2127 425 2187 Eum
458 2126 603 2186 nimium
632 2143 701 2183 non
728 2124 915 2203 putabimus
944 2139 1015 2208 post
1043 2125 1229 2204 Rebilum,
1270 2127 1325 2208 qui

142 2231 233 2278 recte
255 2209 396 2288 monuit,¹
418 2211 563 2291 quemvis
584 2209 707 2286 locum,
731 2209 788 2270 ubi
803 2211 953 2272 homines
971 2214 1199 2274 communione
1213 2213 1320 2290 aliqua

70 2292 76 2307 ⁶
143 2303 234 2364 civili
255 2302 344 2361 inter
364 2315 398 2356 se
420 2296 523 2372 juncti
547 2295 666 2371 vivant,
699 2292 801 2358 πόλιν
822 2297 896 2360 dici.
941 2297 1057 2379 Neque
1079 2298 1121 2360 ad
1139 2297 1316 2360 historicam

142 2387 249 2464 fidem,
273 2381 433 2464 exigenda
462 2393 509 2441 est
534 2393 649 2462 poetae
678 2383 859 2447 auctoritas.
903 2381 1188 2464 Comparationem
1215 2383 1318 2462 ipsam

144 2488 254 2556 aptam
277 2489 343 2531 esse
366 2487 434 2528 non
456 2467 581 2544 dicam,
626 2466 683 2526 sed
711 2485 774 2528 nec
804 2470 842 2529 ab
872 2465 936 2528 hoc
967 2481 1045 2530 aevo
1076 2470 1227 2532 alienam.
1266 2465 1324 2526 Est

144 2561 236 2620 enim
257 2558 294 2620 in
314 2555 433 2617 talibus
455 2555 639 2635 ingeniosus
661 2552 759 2626 lusus,
796 2572 893 2632 quem
915 2569 1008 2614 verus
1030 2555 1141 2630 etiam,
1164 2574 1234 2616 nors
1252 2572 1324 2634 per-

144 2647 274 2705 sonatus
296 2642 360 2719 (uti
381 2639 573 2721 perhibent)
597 2638 790 2698 Theocritus
812 2640 873 2700 sibi
895 2639 1032 2700 indulsit
1053 2635 1141 2702 XIV.
1166 2659 1209 2724 44
1230 2660 1296 2720 sqq.

230 2729 321 2807 Quae
343 2725 382 2784 de
405 2745 504 2804 opum
526 2741 586 2783 usu
607 2725 751 2802 sapiente
775 2735 807 2782 et
827 2723 959 2784 liberali
979 2726 1117 2804 protulit
1140 2739 1257 2805 poeta,
1290 2741 1326 2784 ea

91 2857 94 2862 -
146 2813 319 2896 quominus
341 2811 560 2890 vituperemus
592 2810 718 2869 obstare
749 2804 878 2870 videtur
908 2811 1093 2872 simillimus
1121 2811 1230 2890 idyllii
1251 2809 1327 2872 XVI

143 2899 234 2961 locus
269 2899 313 2975 (v.
338 2901 377 2968 23
400 2893 513 2975 seqq).
558 2894 649 2972 Quae
672 2895 762 2954 enirn
783 2892 838 2954 hic
858 2895 967 2956 facere
995 2897 1202 2975 praedicatur
1223 2896 1326 2958 Ptole·

140 3003 267 3059 maeus,
291 3000 329 3040 ea
350 2993 387 3038 ut
408 2997 521 3038 omnes
542 2979 674 3055 faciant,
696 2977 890 3040 Theocritus
910 2981 945 3040 in
968 2975 1012 3040 id.
1035 2983 1112 3044 XVI
1133 2995 1246 3063 aperte
1270 2982 1326 3041 fla-

143 3075 241 3156 gitat,
264 3068 439 3148 praecipue
462 3083 553 3136 vero,
578 3075 615 3122 ut
634 3059 817 3126 Μουσάων
833 3061 1031 3148 ὑποφήτατς
1052 3065 1150 3149 (quae
1169 3067 1272 3129 'verba
1292 3066 1325 3128 in

143 3173 283 3238 utroque
305 3153 452 3216 carmine
473 3147 643 3230 leguntur)
666 3148 762 3228 digna
783 3155 929 3229 praemia
949 3153 1145 3226 tribuantur,
1172 3173 1216 3212 ne
1240 3171 1326 3233 per-

143 3251 298 3326 petuus
322 3233 736 3318 eos¹urgeat'sopor‚
761 3248 945 3296 careant
968 3239 1185 3317 quietate
1210 3257 1324 3300 sacro.

145 3327 235 3396 Mire
258 3328 444 3405 conspirare
466 3322 523 3382 hos
538 3325 624 3387 locos
640 3319 814 3391 fateberis3
837 3341 944 3402 neque
959 3335 1073 3384 tamen
1087 3321 1327 3386 Callimachum

145 3410 315 3474 Theocriti
334 3412 534 3470 imitatorem
557 3407 655 3466 fuisse
683 3406 859 3466 verisimile
890 3420 946 3471 est.
1184 3421 1187 3426 “
1239 3421 1242 3428 ·

231 3495 309 3555 Non
339 3493 515 3554 defendam
534 3491 713 3554 Ptolemaei
742 3495 841 3570 patris
864 3505 897 3552 et
924 3495 1099 3556 Berenices
1125 3487 1326 3574 apotheosin,

147 3601 245 3666 quam
268 3597 336 3640 non
357 3579 525 3639 Theocriti
546 3575 689 3639 adulatio
710 3576 766 3636 sed
787 3579 888 3656 pietas
916 3578 981 3638 filii
1011 3579 1223 3660 excogitavit3
1267 3597 1328 3639 nec

147 3687 321 3752 quaeram,
365 3664 530 3724 meritone
569 3679 612 3721 an
651 3681 740 3722 secus
770 3653 995 3724 Ptolemaeum
1022 3657 1203 3726 laudaverit
1233 3676 1328 3744 poeta

42 3780 48 3791 ⁸
145 3770 301 3838 tanquam
325 3749 450 3809 bonum
470 3748 661 3829 principem,
687 3767 783 3827 quern
806 3749 842 3807 in
860 3747 1005 3812 Siciliam
1026 3745 1251 3810 redux‘factus
1266 3769 1327 3808 nec

145 3840 279 3924 praemii
302 3849 359 3916 spe
380 3833 449 3894 ulla
470 3847 576 3893 motus
598 3833 774 3894 celebravit
801 3831 837 3892 in
859 3834 952 3914 idyll.
971 3831 1051 3907 XV5
1095 3833 1198 3896 silebo
1229 3834 1326 3894 etiam

145 3927 244 3999 locos,
271 3924 385 4004 quibus
406 3941 438 3980 se
461 3917 606 3999 prodidit
626 3917 797 3998 ingenium
817 3919 902 3980 felix
924 3929 956 3978 et
974 3921 1161 4000 benignum,
1187 3937 1326 4000 quorum

145 4013 270 4091 aliquos
302 4005 441 4068 Dohlius
478 4003 674 4083 indagavitp
706 4003 793 4066 nihil
820 4003 971 4086 »denique
1004 4005 1158 4066 morabor
1193 4003 1326 4066 Ttetzae

144 4108 281 4176 neptum
301 4092 479 4166 somnium,
502 4088 680 4172 Theocrito
696 4087 781 4180 Chio¹
803 4109 938 4152 carmen
959 4102 1111 4154 nostrum
1130 4091 1323 4161 tribuentur
