2838 4590
68 449 71 456 .
114 401 211 484 plura
233 400 468 483 reperiunnrr,
495 399 645 466 Reisl'rius
678 399 732 464 hio
752 407 894 483 quoque}
911 405 1011 470 more
1024 421 1083 464 suo
1099 397 1300 468 sententiani

115 489 303 566 conjectura
321 487 438 550 inutili
461 485 686 566 superstruxit.
732 487 861 550 Mutato
884 485 982 550 Ie'nim
1004 489 1300 550 invitis.oodioibus

114 597 145 639 v.
171 593 184 636 1
209 587 241 634 et
265 577 321 644 131
345 573 482 640 nomine
500 565 675 649 Εὔκριτος·Ι
695 573 731 632 in
762 572 944 653 Θεόκριτος
972 573 1141 636 Theocriti
1161 577 1301 636 'carmen

108 679 183 720 ‘esse
215 659 354 740 negavit.
409 656 451 716 Et
481 655 712 731 Simichidam,
757 657 973 724 aTheocrito
998 659 1158 723 diversum
1190 660 1299 734 illurn,

114 748 213 825 plane
235 747 441 824 ignoramust
472 742 577 802 latere
606 742 666 808 sub
701 743 763 803 hoc
793 747 929 805 nomine
957 747 1063 826 ipsum
1086 744 1302 808 Theocritum

116 830 229 919 colligi
246 841 351 908 potest
374 849 416 891 ex
436 829 539 912 Arati,
558 825 761 890 ›Simiohidae
775 831 980 904 'amicissimi,
1004 831 1173 890 mentione
1195 853 1223 896 v.
1246 835 1299 910 98,

116 915 194 980 coll.
222 914 317 994 idyll.
349 914 407 980 VI.
432 930 461 979 o.
516 913 612 994 Quod
643 917 698 995 qui
718 914 980 991 intellexerant,
1012 929 1068 976 aut
1088 909 1179 996 patre
1203 915 1320 976 simi,-

117 1000 214 1062 chida
233 1013 348 1070 natum
372 998 588 1079 Theocritum
614 999 796 1076 jactabant,
828 1014 885 1063 aut
917 1027 935 1064 a
964 1021 1042 1062 naso
1072 1003 1154 1074 simo
1175 1021 1300 1062 nomen

115 1088 289 1146 inventum
309 1084 498 1150 ferebant.¹
525 1085 590 1158 Sed
620 1085 826 1166 Praxagorae
852 1087 960 1149 filium
986 1107 1062 1146 eum
1083 1087 1182 1146 fuisse
1204 1088 1301 1146 Arte,-

115 1172 244 1232 midoro
258 1191 304 1230 ‘eo
325 1169 493 1230 lubentius
515 1171 632 1244 credo,
656 1172 741 1251 quod
761 1171 904 1254 intelligi
925 1193 995 1236 non
1015 1184 1135 1254 potest,
1159 1193 1218 1233 cur
1238 1172 1301 1250 ipsi

117 1255 315 1329 Theocrito,
352 1253 447 1332 hujus
478 1249 527 1316 rei
550 1257 624 1317 testi
646 1255 920 1336 locupletissime,
953 1257 1051 1318 fidem
1070 1256 1130 1317 ille
1152 1277 1221 1316 non
1242 1257 1301 1317 ha,

115 1344 245 1410 buerit,
269 1341 468 1409 Simichidae
491 1355 546 1402 aut
568 1340 705 1415 Simichi
727 1363 760 1402 se
781 1342 890 1404 filium
913 1363 980 1404 esse
1003 1343 1135 1419 dicenti,
1159 1355 1191 1404 et
1211 1343 1301 1402 unde

116 1428 320 1509 Praxagorae
341 1430 441 1506 patris
462 1447 586 1488 nornen
618 1429 798 1508 acceperit,
831 1431 896 1490 nisi
925 1429 988 1490 hoc
1019 1449 1134 1490 verum
1167 1449 1233 1488 esse
1268 1440 1302 1487 et

119 1515 301 1595 antiquitus
319 1514 477 1575 traditum
499 1514 678 1576 statuimus.
723 1513 876 1580 Alterum
897 1515 984 1578 illud
1005 1533 1128 1574 nomen
1151 1533 1220 1574 non
1239 1511 1300 1574 'tiu-

115 1595 186 1662 bito
209 1601 287 1682 quin
310 1619 352 1661 ex
375 1598 438 1662 hoc
461 1601 607 1660 carmine
627 1601 768 1680 petitum
790 1601 831 1660 sit
848 1602 916 1674 ΙΙ>.
959 1599 1036 1660 Non
1058 1601 1148 1670 enim
1170 1613 1301 1680 reputas
1326 1645 1329 1666 ,

115 1698 213 1763 runt,
246 1685 374 1756 licuisse
396 1697 512 1764 poetae
532 1686 609 1746 ficto
632 1687 768 1758 nomine
793 1705 826 1746 se
851 1685 986 1759 abdere,
1020 1706 1117 1766 quem
1139 1705 1302 1768 nusquam

114 1791 193 1832 vero
214 1771 351 1831 nomine
372 1771 573 1850 appellatum
595 1772 787 1852 reperimus.
813 1772 895 1851 'Non
918 1784 1028 1832 autern
1053 1791 1218 1852 quaeram,
1242 1771 1302 1832 'cur

116 1857 204 1918 illud
224 1877 348 1918 nomen
368 1853 505 1938 elegerit
526 1856 738 1946 Theocritus,
784 1858 839 1936 qui
869 1876 946 1916 naso
967 1857 1048 1916 simo
1072 1859 1174 1916 fuerit
1194 1877 1302 1917 necne

114 1946 321 2026 ignoramus,
353 1951 394 2020 et,
414 1963 527 2004 veram
549 1955 737 2024 certamque
762 1941 931 2004 Theocriti
952 1942 1130 2023 imaginem
1151 1961 1220 2004 non
1241 1943 1300 2004 ha
1395 2001 1398 2007 ,

109 2031 242 2094 bemus.
286 2019 377 2088 Bene
405 2041 538 2090 nasutus
570 2029 750 2090 exhibetur
780 2029 819 2092 in
840 2048 878 2088 ea
899 2026 1015 2088 saltem
1038 2028 1165 2108 effigie,
1200 2047 1299 2110 quem

116 2135 193 2176 aere
214 2115 351 2174 incisam
373 2117 539 2195 proposuit
561 2115 706 2181 Gronov.
728 2115 888 2196 Antiquit.
912 2133 1017 2196 graec.
1040 2113 1100 2173 III.
1114 2113 1165 2180 cf.
1189 2109 1300 2182 Schol,¹

110 2200 160 2262 ‘ad
181 2195 279 2280 Idyll.
304 2200 362 2260 111.
395 2206 425 2273 8.
507 2241 509 2246 .
1177 2250 1179 2258 .
1236 2219 1251 2242 ·-

201 2289 337 2367 Gravius
353 2286 436 2350 iilud
451 2285 598 2359 uidetur,
640 2286 727 2370 quod
753 2287 792 2346 ab
808 2285 938 2348 homine
959 2285 1028 2348 Coo
1048 2307 1171 2357 carmen
1188 2289 1300 2371 profe*

114 2389 201 2441 otum
225 2395 292 2435 esse
317 2373 435 2434 debere
461 2372 633 2431 clamitant.
683 2373 753 2432 Neo
780 2370 911 2431 dubium
937 2385 1003 2443 est,
1046 2372 1124 2454 quin
1151 2373 1300 2434 erraverit

113 2461 289 2533 Heinsius,
335 2479 432 2541 quum
458 2457 493 2515 in
518 2455 653 2524 insulem
684 2457 823 2518 Siciliam
853 2478 920 2517 rem
948 2479 1073 2524 omnem
1095 2455 1298 2532 transferrem

113 2567 240 2615 scenam
263 2545 348 2605 enim
371 2555 443 2612 esee
458 2543 495 2600 in
512 2540 618 2600 insula
629 2591 630 2598 ,
641 2539 687 2602 Co
703 2542 784 2603 bene
798 2543 934 2630 monuitl
945 2541 1139 2610 scholiastes.
1160 2535 1205 2607 At
1214 2541 1299 2602 idem
1318 2584 1320 2590 s

110 2631 230 2702 tradit,
263 2629 298 2688 in
320 2627 423 2688 insula
445 2625 502 2686 illa
524 2623 731 2686 Theocritum
761 2640 988 2692 commoratum
1018 2647 1102 2698 osse,
1142 2647 1239 2709 quum
1258 2627 1299 2686 ad

109 2715 328 2777 Ptolemaeum
350 2708 577 2782 Alexandriam
597 2711 871 2794 proficisceretur3
907 2724 1033 2780 constat
1053 2712 1165 2782 etiam,
1206 2711 1299 2772 illurn

112 2800 259 2862 Philetae
282 2798 342 2860 Coi
358 2796 552 2881 discipulum
573 2796 671 2856 Fuisse
694 2795 747 2874 ²),
771 2815 834 2880 quo
855 2819 953 2878 quum
974 2796 1172 2858 Ptolemaeus
1192 2797 1300 2857 Philo-

114 2885 256 2970 delphus
279 2885 374 2945 etlam
393 2895 603 2967 praeceptore
624 2903 700 2948 usus
716 2897 821 2958 esset,¹
836 2883 998 2968 suspicor,
1038 2881 1247 2954 Theocritum
1268 2881 1299 2943 ei

113 2971 222 3050 juveni
244 2970 278 3028 in
299 2969 403 3054 patria
424 2967 610 3027 innotuisse.
695 2996 700 3008 ¹
886 2987 888 2990 ·
975 3015 977 3038 ;

199 3055 316 3118 Verum
346 3075 444 3137 quum
474 3051 532 3112 sub
563 3050 769 3138 Simiohirlae¹
787 3070 924 3137 persono
958 3050 1058 3124 latere
1090 3049 1299 3112 Theocritum

114 3137 383 3211 intellexerimus,
406 3159 471 3199 non
495 3135 673 3216 credemus,
696 3138 848 3210 alterurn,
873 3137 928 3219 qui
947 3137 981 3195 in
993 3135 1056 3196 hoc
1075 3135 1211 3194 carmine
1227 3157 1298 3196 oum

114 3223 175 3294 illo
204 3223 416 3314 colloquitur,
457 3244 522 3283 non
550 3241 616 3284 esse
646 3236 859 3308 personatum.
899 3219 1056 3302 Lycidam
1086 3219 1169 3280 enlm
1193 3220 1299 3300 (ajunt

113 3306 197 3384 non)
219 3309 327 3370 fiotum
350 3329 416 3370 csse
439 3308 635 3394 caprarium,
679 3307 735 3380 sed
756 3323 886 3392 poetam
919 3303 1076 3390 quendem
1102 3303 1296 3386 Cydonium,

113 3395 174 3456 sub
213 3415 290 3455 vero
329 3394 458 3456 nomine
496 3391 700 3478 productum.
744 3391 807 3454 Sed
830 3393 920 3476 quis,
962 3411 1097 3474 quaero,
1134 3389 1192 3460 ille
1225 3389 1299 3461 est?

803 3501 806 3530 ¹
1050 3489 1052 3496 .

111 3521 325 3540 ῥ--ιια-Π

182 3601 211 3672 ι’)
229 3596 284 3660 Vel
300 3597 387 3670 huius
407 3599 535 3662 nominis
553 3615 606 3660 usu
631 3597 750 3674 prodere
768 3595 924 3656 revidetur
943 3597 1090 3682 syringio,
1117 3617 1188 3682 quae
1202 3595 1298 3664 fertur

110 3665 280 3734 Theocriti,
311 3670 453 3725 recentior
470 3684 560 3735 retas,
582 3668 650 3724 lioet
666 3667 797 3727 Eustoth.
815 3683 858 3724 21.
877 3673 912 3737 43
930 3667 967 3720 ecl
986 3666 1173 3740 Theocritum
1190 3664 1303 3723 referte*

108 3751 244 3810 videatur
261 3751 371 3819 (laudat
394 3754 470 3807 enim
495 3751 669 3810 vocabulum
688 3739 794 3822 ὕψη
823 3765 957 3824 tanquam
975 3749 1196 3829 Theocriteuns,
1217 3748 1297 3872 stood

109 3823 145 3890 in
164 3821 284 3896 Syringa
307 3837 417 3884 tantum
436 3820 571 3898 legitur),
596 3841 676 3881 error
696 3763 764 3878 irie
788 3836 865 3880 ortus
889 3835 947 3886 est,
973 3819 1189 3902 quod-artifictl
1203 3816 1299 3898 Ι1111ιῆ
1383 3859 1388 3866 ·

109 3889 256 3948 atrcmr'se
273 3889 460 3946 Theocritum
480 3909 537 3944 esse
559 3889 719 3946 simulavit.
755 3889 886 3944 Ceterum
911 3888 949 3948 ob
973 3888 1051 3954 idem
1070 3907 1183 3953 carmen
1200 3884 1300 3954 iugula

110 3960 155 4019 Co
168 3955 350 4012 Thencritorn
370 3959 525 4014 oriundum
539 3979 615 4030 csse,
646 3957 719 4014 niele
738 3959 927 4016 ecciderunt.

179 4031 209 4096 3)
228 4023 315 4096 Coos,
334 4029 444 4090 Moneo.
463 4025 589 4106 Prolegg.
608 4027 744 4094 {dilium
763 4044 815 4094 etc.
833 4047 863 4115 p,
877 4037 930 4114 js„
