2838 4590
659 175 874 296 ....„.³2.....

165 413 218 478 ‚ad
235 407 329 476 ‘ahud
343 419 407 472 not
427 407 613 472 omninum
633 423 735 489 genus
765 416 1001 474 convertamus.
1044 405 1202 472 Videmus
1215 407 1313 470 enim
1345 425 1348 432 ·

176 497 321 564 mimicis
333 492 503 557 Theocriti
523 493 723 558 carminibus
744 509 848 552 unum
869 493 1004 574 sejungi,
1025 491 1102 554 xxi
1122 495 1207 570 dico,
1231 495 1274 554 de
1296 517 1313 574 q
1338 530 1350 548 ι,

176 605 267 650 nunc
288 579 503 662 dispiciemus.
547 583 590 642 Et
610 576 812 640 Reiuholdos
833 575 907 642 ideo
932 578 1115 655 damnavit,
1156 579 1244 662 quod
1273 579 1349 640 nih1

177 671 313 742 habeat,
352 685 414 748 quo
435 665 565 730 lectoris
593 665 741 734 animum
761 662 885 724 alliciat
906 676 938 726 et
960 663 1119 737 delectet;
1164 658 1348 726 assentient'

178 753 349 818 Gcrhardo
371 752 489 829 (Lectt.
512 749 663 830 Apollon.
686 769 717 830 p.
745 746 837 829 149),
877 751 930 810 cui
952 749 1048 830 plura
1071 750 1344 826 habere.videtur‚

178 861 260 924 quae
283 859 303 901 a
323 837 492 900 Theocriti
510 835 670 920 elegantia
698 833 906 916 abhorreant.
949 833 1103 916 Reliquos
1132 849 1244 910 taceo,
1280 857 1347 898 uam

177 926 361 1001 Brodeeut,
393 925 448 1004 qui
480 921 543 982 hoc
565 925 699 982 narnien
720 918 889 981 nonnullis
910 920 1057 1001 spurium
1079 922 1183 981 visum
1205 941 1274 982 esse
1291 936 1346 986 tra·

179 1013 281 1087 didit,
317 1029 378 1072 nec
402 1011 457 1090 qui
482 1006 606 1068 inerint
626 1005 697 1078 illi,
737 1023 800 1066 nec
821 1024 880 1066 cur
900 1006 1070 1075 itavisuno
1091 1007 1141 1086 pit,
1181 1007 1345 1079 iudicarim

179 1098 342 1166 Zeunium
364 1107 474 1155 autem
495 1090 695 1152 Ahlwardtio
718 1091 749 1168 ¹)
773 1093 937 1170 permitto.

181 1241 185 1256 ,
220 1255 225 1266 ι
263 1181 327 1244 Sed
349 1179 390 1240 de
410 1190 478 1239 toto
500 1177 562 1236 hoc
583 1195 703 1256 genere
726 1175 823 1238 aliter
842 1175 975 1244 fortasse
997 1175 1211 1252 sentiremus,
1252 1177 1280 1238 si
1300 1178 1346 1241 So·

180 1268 317 1352 phronis
346 1267 484 1326 mimum
514 1260 659 1339 aliquem
687 1262 892 1342 superstitem
913 1261 1119 1342 legeremus.¹
1148 1261 1301 1345 Namque
1327 1265 1346 1324 si

179 1355 290 1423 mimis
310 1350 368 1412 ille
391 1350 454 1408 suis
484 1345 678 1407 viridissima
709 1359 741 1406 et
771 1347 937 1408 verissima
964 1345 1138 1408 hominum
1168 1351 1348 1412 tenuiorum

178 1439 361 1505 imitatione
384 1431 517 1494 laudern
540 1435 708 1512 acquirere
732 1432 852 1512 poluit,-
887 1432 922 1494 id
955 1431 1040 1512 quod
1061 1433 1347 1498 verisimillimum

180 1539 237 1596 est,
260 1523 348 1584 idem
366 1518 409 1578 de
423 1516 588 1578 Theocriti
604 1519 703 1578 etiam
717 1518 857 1578 mimicis
873 1515 994 1598 idylliis
1010 1518 1218 1599 statuendum
1236 1523 1296 1582 erit
1311 1523 1347 1599 ²),

180 1611 260 1692 Quis
281 1617 391 1666 autem
413 1612 519 1684 neget,
542 1623 675 1664 carmen
697 1603 758 1664 hoc
779 1615 927 1664 nostrum
948 1603 1118 1664 hac‘certe
1135 1606 1256 1671 virtute
1270 1629 1345 1670 com·

178 1691 354 1757 mendatii
396 1689 438 1752 Et
466 1689 568 1765 ninius
598 1691 744 1769 proiecto
771 1691 912 1768 pretium
943 1689 1051 1754 eidem
1079 1688 1277 1753 addixerunt
1300 1693 1341 1752 illi

178 1777 370 1842 recentioris
386 1776 457 1838 aevi
477 1787 601 1855 poetae,
624 1777 679 1856 qui
701 1777 737 1834 in
757 1772 872 1854 idyllio
894 1777 1065 1855 piscatorio
1087 1775 1126 1834 ad
1144 1775 1232 1838 illud
1248 1797 1337 1838 exem·
1369 1759 1370 1814 l

179 1865 273 1948 plum
292 1865 442 1926 certatim
464 1861 682 1934 elaborarunt.
726 1857 891 1920 Sermonis
912 1873 1021 1922 autem
1051 1861 1193 1924 salebras
1226 1865 1259 1924 in
1283 1883 1339 1922 car·
1370 1847 1371 1926 i

179 1955 271 2015 mine
295 1948 536 2029 corruptissimo
559 1946 700 2006 librariis
723 1965 819 2026 quam
842 1947 964 2006 auctori
984 1947 1146 2026 imputare
1164 1951 1261 2010 tutius
1280 1949 1342 2010 erit.
1371 1935 1372 2015 i

179 2038 462 2102 carcerariorum
480 2030 712 2093 vocabulorum
742 2049 761 2090 e
792 2050 829 2090 re
849 2032 1028 2110 ‘piscatoria
1057 2029 1234 2112 petitorum
1260 2054 1341 2095 urum

180 2120 370 2202 corruptelis
393 2135 535 2200 pronum
554 2115 653 2175 fuisse
675 2117 711 2176 in
732 2127 843 2197 aperto
861 2127 918 2182 est.

1295 2249 1309 2276 N

714 2286 742 2365 §-
787 2301 820 2370 4·
903 2294 916 2322 ’
1213 2361 1216 2368 ,
1345 2283 1376 2442 p

180 2505 196 2541 ,.
298 2429 357 2500 De
382 2424 607 2498 carminibus
637 2425 887 2497 mediocribus
912 2439 976 2496 aut
1000 2425 1099 2498 mole
1123 2426 1231 2500 iactis.

182 2599 189 2609 ·
265 2584 306 2644 In
327 2579 546 2660 superioribus
567 2579 728 2641 nonnullo
750 2579 815 2655 iam
837 2579 999 2660 attigimus
1021 2582 1188 2655 carmina,
1222 2597 1299 2662 quae
1320 2589 1349 2640 et
1375 2565 1376 2574 ἵ

181 2671 253 2730 aliis
275 2669 315 2728 de
337 2668 437 2726 causis
460 2678 603 2746 suspecta
625 2677 657 2724 et
676 2665 851 2732 Theocrito
881 2685 949 2725 non
981 2668 1055 2726 satis
1087 2667 1185 2747 digua
1206 2667 1351 2728 videban—
1375 2661 1376 2682 ¹

180 2769 253 2828 tur,
272 2749 393 2830 'Airm‘
413 2751 505 2824 dico,
534 2747 719 2830 Avssoc'mr
740 2743 914 2813 et‘Airris'.
958 2749 1017 2810 His
1038 2752 1137 2833 igitur
1159 2755 1283 2814 omissis
1303 2755 1353 2814 illa

182 2859 271 2900 nunc
288 2837 449 2918 poematia
463 2836 683 2912 tractabimus,
707 2856 788 2916 quae
805 2838 856 2898 vel
876 2836 1037 2918 maxime,
1056 2836 1141 2917 quod
1158 2839 1270 2921 exigui
1288 2860 1354 2922 pre·

180 2926 220 2987 'tii
233 2924 394 2995 videntur,
414 2919 561 2980 damnari
570 2920 686 2996 solent,
703 2935 735 2979 et
745 2923 851 3002 prir'no
861 2923 933 2982 loco
942 2941 1071 3007 agemus
1081 2921 1120 2982 de
1133 2943 1233 2989 carm.
1243 2927 1354 3000 xxvt,

180 3010 268 3096 quod
288 3008 464 3092 pessimum
489 3024 555 3065 esse
577 3005 673 3066 multi
696 3003 882 3080 clamitant,
917 3006 997 3067 adeo
1028 3021 1063 3067 ut
1087 3007 1295 3074 Reinholdus
1317 3011 1358 3073 di-

183 3112 234 3160 cat
259 3096 400 3184 graviter
422 3110 557 3172 peccare
578 3091 615 3151 in
636 3089 804 3152 Theocriti
827 3089 969 3154 nominis
992 3093 1193 3174 dignitatem,
1220 3101 1279 3179 qui
1297 3121 1360 3160 car-

140 3221 142 3226 ·
182 3203 261 3246 men
285 3175 639 3262 turpissimisversibus
661 3191 921 3242 consutumuon
951 3179 1109 3260 repudiet.
1152 3180 1250 3246 Idem
1274 3183 1363 3248 dam-

182 3280 264 3328 nant
286 3267 461 3348 Harleusius,
492 3262 665 3338 Jacobsius,
698 3261 908 3338 Eichstadius,
936 3266 989 3346 qui
1023 3253 1198 3328 ridiculam
1220 3275 1365 3338 comico.

181 3354 379 3432 tragoediam
403 3349 568 3432 appellare
590 3363 658 3410 non
680 3349 821 3412 dubitat:
856 3349 1032 3426 wartonus
1052 3364 1161 3414 autem
1183 3353 1367 3420 fluctuatur

180 3442 337 3510 incemus,
373 3435 614 3506 condemnetne
639 3455 680 3496 en
709 3437 815 3516 potius
845 3457 904 3518 pro
924 3439 1105 3518 fragmento
1128 3456 1146 3495 e
1168 3427 1274 3504 nostri
1297 3447 1367 3507 [lie-

179 3523 286 3588 roinis
307 3522 461 3588 venditet.
504 3521 588 3596 Ecce
610 3523 805 3584 Wartonum
836 3541 855 3582 a
881 3536 1066 3604 anseperto
1088 3535 1248 3599 stantemr
1297 3549 1369 3592 non

180 3609 271 3695 quod
294 3627 351 3688 ego
377 3627 503 3690 quoque
525 3607 748 3693 Heroinarum
769 3602 1059 3687 innocencium
1080 3627 1272 3692 agnoscam,
1311 3617 1369 3678 sed

180 3695 271 3780 ,quod
306 3692 386 3766 ille,
427 3710 620 3773 quamquam
653 3693 773 3760 invitus
788 3693 954 3772 .,fortasse,
999 3696 1173 3771 concessit,
1202 3705 1369 3772 ,carmina

181 3826 329 3864 ,Μ
332 3821 395 3836 ‘'⁸'‘-

179 3907 182 3914 “
252 3915 278 3962 ι)
312 3903 374 3955 Zur
388 3895 549 3977 Erbllrung
566 3899 615 3982 fier
632 3897 743 3974 idylleu
760 3901 936 3964 Theocritss

249 3973 278 4052 α)
296 4053 298 4061 ¹
313 3971 358 4024 De
376 3969 490 4034 mimis,
524 3990 575 4046 qur
592 3984 688 4030 nostro
710 3967 857 4030 obversari
873 3971 1030 4048 paruerint,
1048 3971 1117 4032 vide
1143 3973 1311 4039 Valckentr.
1332 3978 1368 4034 ad

180 4036 323 4110 immun·
341 4044 512 4114 P·:52⁸5.t..25·
1156 4055 1159 4064 ’
