2838 4590
231 590 500 708 lixaminantur
526 613 569 661 ea
594 590 777 682 carmina,
821 611 915 682 quae
943 587 1071 683 idyllia
1098 577 1317 682 apellantur.

264 745 334 812 Ja'm
351 743 461 829 quaeri
481 757 599 830 potest,
625 766 688 830 quo
706 757 851 830 tempore
870 739 1043 804 ettvttiov
1061 765 1177 806 nomeu
1198 743 1358 804 inventum

179 835 221 896 sit
241 846 273 898 et
293 832 344 892 cui
364 829 479 892 debeat
501 831 661 914 originem.
685 831 768 891 Ante
785 829 990 890 Theocritum
1009 852 1074 890 non
1092 851 1159 890 esse
1177 828 1259 890 illud
1273 849 1353 886 usur-

178 909 289 1016 'paium
309 918 383 978 satis
400 928 542 986 constat3
574 930 606 974 at
625 929 730 998 neque
749 915 939 978 Theocritus
957 937 994 976 eo
1013 916 1123 1000 potuit
1143 915 1208 987 uti,
1242 914 1350 996 quippe

180 1021 273 1090 quem
295 999 743 1084 singula'seorsumedidisse
764 1001 901 1060 carmina
926 1000 1093 1061 docuerim.
1140 998 1353 1072 Grammaticis

150 1129 154 1137 ι
178 1087 276 1174 igitur
289 1087 429 1148 incertae
446 1085 557 1144 aetatis
571 1105 688 1144 nomen
710 1083 817 1146 deberi
835 1081 963 1164 Heynio
982 1083 1087 1146 credo.
1132 1084 1287 1168 Quisquis
1298 1104 1356 1141 au-

176 1186 241 1238 tem
252 1171 326 1244 fuit,
349 1171 404 1254 qui
421 1169 542 1256 primus
557 1190 593 1230 eo
605 1183 651 1230 est
668 1191 753 1244 usus,
772 1169 854 1230 illud
872 1184 956 1230 certe
973 1193 1038 1231 non
1056 1168 1186 1230 dubium
1201 1181 1259 1242 est,
1284 1169 1358 1252 quin

176 1281 199 1322 v
211 1281 227 1320 a
238 1257 290 1317 rii
313 1253 487 1338 generis
505 1254 657 1339 opuscula
667 1258 795 1316 nomine
807 1256 864 1317 illo
876 1257 1062 1342 complexus
1076 1256 1126 1315 sit.
1149 1257 1291 1314 Tantum
1305 1255 1358 1336 igi-
1385 1243 1386 1290 i

176 1357 229 1406 tur
238 1343 336 1415 abest,
345 1354 382 1399 ut
390 1339 469 1398 haec
479 1339 643 1424 inscriptio
652 1342 788 1402 carroina
796 1340 949 1424 quaedam
959 1351 1080 1402 resecet
1090 1353 1130 1411 et,
1141 1340 1231 1422 quasi
1241 1339 1358 1424 spuria,

116 1445 118 1448 '
178 1429 316 1497 damnet,
339 1437 376 1484 ut
396 1445 437 1484 ex
454 1421 565 1484 eodem
581 1423 691 1508 potius
711 1426 839 1488 nomine
858 1415 982 1508 insigne
997 1424 1253 1511 periclitantibus
1273 1423 1357 1501 adiu·

175 1507 479 1595 mentum'accedere
498 1507 652 1570 videatur.
698 1509 845 1570 Ceterum
865 1532 930 1571 non
946 1510 1140 1596 repugnabo,
1174 1507 1292 1592 siquis
1321 1531 1356 1570 ex
1385 1581 1386 1584 Ἴ

175 1599 241 1660 illis
262 1596 432 1657 carminum
451 1594 627 1676 generibus,
652 1595 686 1654 in
707 1597 822 1680 quibus
832 1595 1050 1668 Theocritum,
1073 1608 1154 1656 teste
1163 1593 1275 1666 Suida,
1289 1595 1357 1655 ela·
1385 1595 1386 1600 '

175 1673 304 1743 borasse
323 1699 418 1763 supra
432 1681 622 1752 monuimus,
647 1681 801 1764 nonnulla
821 1701 899 1766 prae
917 1682 1030 1742 ceteris
1046 1676 1189 1742 lectitata
1210 1701 1285 1740 cum
1303 1679 1355 1739 bu-

176 1767 286 1828 colicis
305 1762 445 1845 ejusdem
468 1765 501 1822 in
525 1765 588 1826 hoc
613 1761 799 1826 elevatior
818 1774 938 1850 ‘corpus
958 1765 1112 1827 coaluisse
1134 1779 1262 1830 statuat.
1305 1767 1357 1826 De

175 1851 304 1934 hymnis
325 1849 435 1910 saltem
453 1847 531 1908 mihi
550 1851 619 1920 fere
639 1873 824 1936 persuasum
848 1843 903 1913 est.
1274 1865 1277 1876 ·

181 1943 188 1950 “
260 1935 465 1996 Theocritum
479 1947 584 1996 autem
604 1939 628 1994 si
651 1940 826 2022 exceperis,
842 1934 1024 2024 paucissimi
1041 1946 1124 2006 sunt,
1148 1955 1228 2018 quos
1244 1934 1358 2018 idyllia

171 2022 391 2106 ‘composuisse
419 2022 641 2104 comperimus.
688 2021 879 2080 Graecorum
909 2021 992 2080 enim
1020 2034 1146 2106 praeter
1163 2019 1299 2084 Eionem
1326 2033 1357 2081 et

173 2105 346 2170 Moschum
363 2103 438 2164 novi
454 2104 620 2177 nemiuem,
645 2106 707 2164 nisi
718 2106 928 2188 Meleagrum,
951 2111 1038 2186 cujus
1049 2103 1236 2166 L'ausVeris
1252 2105 1356 2182 idyllii

173 2199 293 2252 nomen
311 2190 344 2248 in
361 2187 469 2248 fronte
484 2187 573 2270 gerit.
618 2187 885 2272 Lycidam'eni'm,
909 2189 1115 2252 Philetsm'et
1133 2189 1355 2284 Asclepiadem

173 2289 326 2358 tanquam
346 2272 507 2333 bucolicus
551 2287 656 2350 oetas,
688 2275 845 2336 Musurus·
865 2299 929 2337 non
945 2273 1099 2338 Moschus
1118 2273 1273 2337 laudavit.
1315 2277 1355 2336 Et

172 2359 327 2424 Philetam
354 2372 450 2440 atque
466 2295 691 2444 Asclepiadem
717 2361 811 2444 longe
833 2356 897 2421 alio
925 2360 1097 2420 carminum
1116 2377 1230 2444 genere
1258 2360 1350 2422 incla-

174 2445 273 2510 ruisse
294 2457 437 2516 constat3
480 2443 636 2524 Lycidem
655 2443 695 2505 ad
713 2442 819 2506 larvas
846 2449 893 2507 ire
919 2445 1105 2528 iubebimus.
1142 2441 1178 2520 ¹E
1201 2446 1352 2507 Romanis

173 2531 334 2600 Ausonius
346 2541 384 2594 ‘et
393 2526 588 2589 Claudianus
610 2529 723 2612 idyllia
740 2531 799 2591 scri
825 2545 950 2601 serunt3
973 2529 1081 2591 Suevii
1096 2528 1257 2612 idyllium,
1280 2533 1355 2590 Mo·

173 2627 298 2686 retum,
329 2611 514 2674 Macrobius
539 2610 570 2689 ¹)
597 2628 721 2677 tantum
740 2553 894 2679 laniavit.
946 2615 1090 2699 Virgilii,
1130 2615 1298 2701 Calpurnii
1323 2627 1356 2675 et

174 2698 361 2760 Nemesiani
377 2697 527 2758 bucoiica'
539 2697 602 2766 hue
622 2723 687 2764 non
708 2703 881 2787 pertinere,
928 2701 1010 2760 uivis
1025 2715 1139 2786 sponte
1151 2700 1309 2780 intelligit.

259 2782 367 2843 Bionis
387 2793 419 2842 et
438 2782 567 2844 Moschi
586 2785 721 2846 carmina
741 2787 869 2848 minime
889 2723 1093 2846 adversantur
1114 2783 1231 2865 idyllii,
1245 2802 1349 2861 rquam

175 2883 269 2954 supra
290 2866 534 2953 proposuimus,
549 2879 558 2896 ³
572 2869 707 2932 notioni.
759 2871 803 2932 At
827 2872 884 2954 qui
909 2871 1018 2956 potuit
1048 2867 1196 2948 Meleagri
1206 2875 1351 2924 'carmen

130 3023 132 3028 ¹
173 2951 299 3034 idylliis
317 2951 482 3022 accenseri,
508 2952 709 3036 quodunum
729 2970 885 3018 essetnec
908 2977 924 3016 e
947 2955 1131 3017 collectione
1160 2949 1265 3030 aliqua
1293 2947 1350 3008 de-

175 3036 346 3124 cerptum?
389 3036 496 3096 Facile
516 3035 585 3110 est,
625 3037 675 3098 his
704 3037 945 3101 difficultatibus
971 3037 1124 3101 extricari.
1165 3033 1296 3094 Etenim
1325 3035 1354 3094 si
1386 3039 1387 3096 l

174 3121 321 3185 carminis
350 3120 514 3206 inscriptio
543 3135 670 3183 vetusta
696 3139 778 3185 esset
805 3140 837 3185 et
864 3126 903 3185 ab
930 3127 1066 3185 auctoris
1082 3141 1174 3183 manu
1191 3119 1353 3205 proiecta,
1386 3151 1387 3154 ¹

173 3210 278 3351 repeti
299 3227 335 3268 ea
346 3220 456 3292 posset
474 3227 491 3265 a
510 3205 717 3269 similitudine
732 3210 858 3285 eximia,
883 3231 964 3292 quae
979 3205 1152 3270 intercedat
1163 3203 1241 3265 huie
1259 3227 1353 3290 opus-

68 3330 73 3339 =
175 3314 213 3352 cu
230 3313 248 3352 o
267 3314 338 3352 cum
359 3293 467 3353 Bionis
483 3290 689 3374 idylliaVI,
710 3295 797 3378 quod
817 3295 941 3356 imitans
952 3291 1114 3373 Meleager
1126 3313 1242 3352 nomen
1260 3294 1354 3352 etiam

173 3377 313 3438 mutuari
325 3379 493 3461 potuisset·
540 3377 603 3440 Sed
617 3379 676 3440 vix
695 3378 845 3441 credibile
864 3394 921 3454 est,
946 3377 1114 3464 'genuinam
1134 3395 1201 3438 esse
1223 3377 1355 3462 inscrip7

173 3462 310 3532 tionem,
334 3483 426 3542 quam
443 3459 482 3521 ad
503 3484 538 3524 ea
553 3476 696 3549 tempora
714 3462 960 3544 detrudendum·
982 3479 1061 3535 uto,
1086 3461 1201 3546 quib'us
1220 3463 1355 3522 neminis

173 3541 345 3606 εἰδύλλιον
362 3547 548 3630 significatio
564 3551 626 3625 iam
639 3563 760 3611 mutata
778 3563 869 3615 esset.
913 3489 981 3612 sei
996 3548 1035 3610 de
1054 3547 1114 3608 hac
1132 3545 1274 3608 nononis
1291 3571 1355 3608 mu·

173 3633 296 3694 tatione
312 3629 395 3689 infra
411 3630 601 3696 videbimus.

168 3739 184 3822 ¹,
257 3749 312 3811 De
338 3747 449 3808 Suevii
470 3751 601 3814 Moreto
629 3751 712 3812 nihil
734 3753 813 3817 certi
836 3775 878 3815 ex
905 3753 1015 3840 paucis
1043 3749 1131 3840 apud
1154 3751 1356 3814 Macrobium

173 3836 316 3898 versibus
336 3833 439 3894 evinci
458 3848 575 3922 potest
592 3879 594 3883 -
617 3835 782 3900 Praeterea
808 3840 961 3914 incertum
982 3851 1049 3914 est,
1081 3836 1206 3898 auctori
1227 3857 1270 3901 an
1286 3840 1356 3902 Ma·

171 3990 372 4012 ..u-.-

206 4086 272 4172 sa)
287 4086 414 4142 aarum
431 4084 467 4145 11.
489 4087 531 4154 ¹4⁸
581 4043 584 4050 l
607 4111 612 4124 ι
