2838 4590
228 416 303 482 er
323 426 400 472 vero
421 399 498 468 non'
512 403 586 466 ideo
609 402 725 465 sslts‘m
746 420 878 466 carmen
900 401 1254 486 damnars'dsbebsint
1276 409 1347 484 isti,

145 497 232 582 quod
254 516 322 560 non
342 511 410 554 una
440 493 477 550 in
499 509 535 552 re
558 490 759 553 substitisset.
805 489 1061 562 Homericorum
1082 496 1172 557 enim
1194 495 1350 574 hymno-

144 605 223 649 rum
241 579 326 643 illud
340 577 518 660 'proprium
540 587 587 636 est
608 573 659 656 ¹),
698 573 794 650 hujus
823 587 934 636 autem
964 579 1120 658 temporis
1148 576 1349 657 &promor

145 673 302 734 uarietate
323 664 429 746 potius
453 661 606 724 delectati
631 679 698 722 esse
729 658 892 721 videntur.
937 659 1058 743 Neque.
1087 666 1165 726 veri.
1186 666 1348 726 absimile

146 771 204 832 est,
235 767 274 816 ut
297 749 481 814 imitatione
502 748 649 810 maxime
670 745 799 826 pollent
821 745 882 808 hac
904 759 1010 808 aetate
1027 762 1155 828 poetae,
1177 749 1349 812 Theocri.

145 855 229 918 turn,
269 857 370 920 quum
396 845 555 916 pangeret
585 831 647 894 hoc
669 825 836 912 idyllium‚
873 832 964 893 aliud
985 834 1022 894 in
1044 835 1107 900 alia
1129 849 1223 916 parte
1246 857 1344 898 secu-

84 949 86 958 ’
147 944 227 991 tum
250 945 317 987 esse
348 919 550 1002 exemplum,
588 931 621 978 st
653 917 785 992 disjecta
817 918 968 980 membra
998 939 1066 980 non
1098 924 1172 984 satis
1193 923 1345 984 feliciter

146 1014 326 1080 consuisse:
358 1019 518 1069 sartorem
542 1013 651 1066 autem
671 1002 935 1066 Alexandrinum
956 1023 1025 1065 non
1047 1027 1206 1088 agnosces
1230 1027 1346 1090 neque

148 1103 284 1166 omnino
307 1093 451 1166 credam,
482 1089 703 1152 Alexandriae
738 1091 921 1150 exercitum
951 1109 1017 1150 esse
1057 1092 1120 1154 hoc
1158 1092 1343 1174 opificium,

22 1177 28 1200 Ι
113 1183 349 1266 „antiquitatis
371 1176 569 1244 Homericae
592 1175 772 1255 proprium.
817 1175 897 1255 Quis
927 1177 1017 1236 enim
1044 1177 1106 1239 sibi
1133 1180 1341 1260 persuadeat,

147 1293 218 1336 non
239 1273 275 1330 in
296 1263 503 1330 ‘remotissimi
522 1260 856 1340 temporis'tenebris,
888 1259 1002 1322 sedin
1022 1264 1123 1338 urbis,
1153 1265 1343 1326 eruditione

149 1374 182 1421 et
204 1359 373 1418 doctorum
395 1347 567 1408 hominum
581 1347 767 1426 frequentia
780 1347 1038 1427 florentissimae,
1052 1348 1128 1412 luce
1140 1351 1344 1438 quemquam

149 1448 352 1508 diversorum
373 1435 568 1513 scriptorum
589 1432 724 1495 lacinias
753 1433 1017 1496 consarcinasse?
1045 1457 1048 1462 ·
1329 1491 1334 1498 .

233 1523 350 1604 Neque
372 1518 482 1580 aliena
504 1519 635 1600 vestigia
656 1536 791 1600 usquam
814 1517 1036 1596 deprehendis
1063 1507 1279 1600 namflversus
1300 1526 1340 1598 25

150 1631 184 1679 es
205 1611 246 1678 26
269 1611 348 1671 adeo
371 1625 448 1665 cum
469 1605 621 1685 proxime
646 1603 917 1686 praecedentibus
948 1605 1142 1680 cohaerent,
1185 1621 1224 1668 ut
1245 1625 1289 1692 24
1309 1620 1340 1671 et

151 1707 192 1776 ⁹5
213 1696 328 1758 itidem
347 1711 407 1774 pro
430 1691 545 1770 spuriis
568 1689 713 1752 habendi
736 1701 860 1763 essent,
894 1691 921 1750 si
946 1690 1020 1770 illos
1044 1690 1083 1754 ab
1106 1690 1217 1754 aliena
1239 1713 1339 1754 manu

149 1782 356 1864 interpositos
389 1795 456 1838 esse
486 1789 657 1841 constaret.
704 1774 768 1836 Sed
799 1784 952 1856 quattuor
980 1775 1017 1838 hi
1044 1797 1151 1836 versus
1175 1781 1337 1860 aptissima

149 1890 241 1936 nosa
258 1863 487 1930 communibus
500 1857 764 1944 Tyndaridarum
787 1859 937 1924 laudibus
958 1862 999 1922 ad
1020 1863 1225 1942 singulorum
1247 1887 1339 1946 prae·

151 1957 304 2022 stantiam
336 1965 369 2012 et
397 1951 553 2014 'virtutem
575 1947 815 2010 celebrandam
843 1946 1028 2014 traducunt.
1075 1948 1108 2007 Si
1140 1950 1219 2030 quid
1240 1954 1340 2034 igitur

150 2037 422 2124 vituperandum,¹
435 2035 522 2096 illud
545 2053 624 2096 sane
648 2044 705 2106 est,
731 2031 816 2112 quod
839 2035 986 2093 oratione
1007 2034 1049 2094 ad
1070 2033 1238 2098 Pollucem
1260 2057 1337 2097 con-

150 2150 244 2194 versa·
260 2127 350 2186 deest
372 2121 553 2192 exordium,
576 2137 684 2198 neque
699 2119 754 2198 rei
775 2117 958 2179 narrandae
981 2139 1103 2182 summa
1123 2119 1267 2182 breviter
1290 2134 1338 2184 est
1380 2181 1383 2188 ⁴

150 2215 311 2282 indicatas
343 2208 428 2268 idem
451 2206 488 2266 in
509 2203 645 2265 alterius
667 2204 769 2281 partis
789 2203 920 2266 initium
942 2205 1028 2265 cadit
1054 2207 1099 2284 (v.
1125 2208 1206 2290 137).
1243 2207 1334 2285 Quid

151 2321 240 2373 vero,
264 2298 290 2360 si
313 2293 408 2369 hujus
430 2291 482 2352 rei
502 2289 639 2370 culpam.
653 2289 690 2348 in
708 2289 893 2354 imitatione
916 2291 1050 2370 positam
1070 2290 1330 2354 esserradamus?
1359 2351 1364 2354 ,

149 2385 279 2448 Etenim
304 2380 331 2442 si
354 2378 497 2440 minores
517 2374 570 2436 illi
590 2373 704 2454 hymni
725 2369 892 2438 Homerici
913 2376 954 2437 ab
975 2375 1160 2440 Homeridis
1176 2374 1332 2458 prooemii

150 2475 223 2535 loco
245 2465 384 2550 praefixi
404 2473 480 2526 sunt
500 2459 621 2522 Iliados
650 2475 705 2521 aut
728 2461 893 2540 Odysseae
918 2464 1087 2543 particulis
1116 2461 1332 2536 decantandis,

152 2551 276 2641 quade
299 2573 335 2614 re
358 2567 427 2616 non
448 2562 496 2611 est
517 2546 765 2628 ambigendum,
802 2546 889 2607 nihil
914 2567 993 2609 sane
1022 2550 1205 2630 excogitari·
1221 2560 1337 2628 potest,

152 2642 237 2726 quod
259 2635 414 2718 ejusmodi
437 2632 629 2715 rhapsodias
650 2634 692 2695 sit
713 2645 825 2694 nostro
846 2632 969 2712 hymno
994 2633 1185 2714 similius2).
1209 2633 1251 2694 Et
1270 2654 1339 2696 non

150 2727 359 2794 mediocriter
373 2721 529 2812 adjuvari
557 2719 688 2780 videtur
717 2717 799 2778 haec
827 2738 898 2780 mea
920 2721 1031 2800 opinio
1054 2731 1164 2800 aperta
1188 2717 1339 2782 dictionis

150 2809 346 2882 Homericae
376 2808 577 2894 imitatione,
617 2823 698 2884 quae
722 2802 775 2863 vel
805 2805 842 2864 in
875 2807 1044 2886 utriusque
1074 2804 1227 2867 fabellae·
1245 2808 1338 2866 initio

150 2899 315 2963 neminem
337 2893 442 2954 latere
462 2904 585 2973 potest3
629 2889 793 2968 facileque
823 2909 896 2952 cum
926 2911 997 2953 mea
1030 2889 1145 2952 Dahlii
1177 2893 1341 2955 sententio

151 2982 322 3054 conciliari
342 2990 458 3059 potest,
490 2977 646 3056 hymnum
667 2987 813 3036 nostrum
836 2974 877 3034 ad
897 2975 1041 3052 juvenile
1062 2971 1231 3037 Theocriti
1254 2991 1340 3039 aeta-

150 3088 217 3136 tem
238 3065 413 3132 referentis
438 3059 481 3142 ³).
506 3061 631 3140 Quid?
655 3060 742 3140 quod
765 3061 913 3140 epilogus
924 3063 1076 3124 carminis
1096 3062 1197 3126 cuivis
1218 3065 1254 3125 in
1275 3085 1337 3126 mea

150 3162 284 3224 moriam
306 3161 436 3214 revocat
452 3147 699 3210 Homericorum
721 3145 915 3224 hymnorum
930 3147 1090 3210 clausulas
1106 3150 1337 3223 usitatissimas,

150 3225 362 3306 nonhiserta
382 3247 509 3297 tantum
531 3233 667 3310 Homeri
689 3231 873 3307 mentione,
894 3233 952 3295 sed
972 3234 1208 3297 sententiarum
1232 3237 1341 3310 etiam,¹
1395 3257 1396 3304 ς

152 3317 296 3412 quamvis
322 3325 427 3386 fusius
449 3321 668 3402 expositarum
689 3317 914 3380 similitudine.

150 3491 352 3512 W

205 3589 249 3658 ἰ)
280 3583 370 3642 ›cont
390 3561 479 3660 ligeri.
498 3581 534 3638 ad
556 3581 675 3636 Homer.
692 3577 802 3650 llyrtm.
822 3574 855 3630 in
868 3570 965 3650 Apoll.
983 3539 1050 3634 lel.
1072 3593 1102 3650 p.
1119 3580 1171 3642 '187
1193 3593 1272 3652 seqq.
1368 3533 1374 3546 ¹

221 3732 250 3784 st
286 3722 312 3779 0

151 3817 217 3855 cum
241 3740 359 3850 smalto
383 3801 484 3848 nostri,

336 3738 396 3774 erse
417 3717 544 3798 pretium
565 3731 607 3772 est
629 3713 757 3771 conferre
774 3686 968 3786 tymntm‘in
984 3711 1142 3770 Dioscuros
1151 3697 1342 3788 Homericum

219 3935 249 4002 3)
284 3931 350 3984 Post
377 3921 432 3980 alia
456 3938 549 3978 tamen
573 3915 768 3994 compositum
789 3917 920 3976 essehoc
938 3939 1065 3988 sarman,
1082 3933 1180 3994 potere
1199 3889 1321 3977 ridet'ur

151 4037 224 4078 vers.
240 4021 295 4084 ‚ara
313 3997 407 4078 (cist
430 3993 632 4075 πέμποιτε).
