2838 4590
517 1285 848 1409 'Vita

118 1617 267 1754 Natus
293 1703 366 1776 ego·
388 1703 472 1760 sum
495 1681 749 1776 vratislaviae‚
796 1706 897 1756 anno
926 1687 1123 1780 superioris
1156 1691 1291 1760 saeculi

117 1787 270 1876 XCVII,
280 1808 284 1846 2
295 1800 397 1854 sexto
410 1783 497 1854 Idus
510 1787 599 1874 Maj.
620 1788 1088 1880 parentibustenuissimoe
1107 1794 1224 1862 sortis.
1239 1829 1290 1848 --

118 1891 226 1959 Anno
249 1887 376 1957 aetatis
405 1885 625 1958 duodecimo
656 1893 892 1982 frequentare
918 1894 1022 1983 coepi
1045 1894 1307 1984 Gymnasium*

115 1993 231 2079 ¹hujus
256 1989 379 2074 urbis,¹
413 1989 530 2080 quod,
554 1993 742 2062 alesuitis
769 1993 972 2080 conditum,
994 2015 1081 2061 cum
1109 1997 1289 2070 Universi-

119 2109 194 2166 tate
213 2091 439 2184 Leopoldina
457 2107 540 2161 tum
559 2097 802 2182 conjunctum
825 2109 921 2182 erat,
939 2096 1010 2164 ‘sed
1027 2097 1176 2166 biennio
1196 2115 1289 2188 post,
1308 2165 1312 2182 ‚

120 2197 224 2289 quasi
254 2195 432 2283 fataliter,
478 2193 605 2266 sedem
637 2198 737 2268 illius
774 2198 921 2268 Ordinis
955 2198 1055 2268 Sacri
1088 2203 1289 2291 occupavit,

119 2299 184 2396 qui
213 2297 359 2368 Jesuitis
389 2297 532 2388 primus
560 2301 618 2386 jus
653 2301 1065 2394 hospitiipraestiterat.
1116 2303 1291 2394 Praecep-

117 2418 261 2498 torum,
285 2423 441 2492 quorum
468 2400 699 2472 institutione
721 2404 778 2472 uti
804 2403 978 2496 contigit,
1004 2419 1147 2494 praeter
1157 2405 1289 2474 llecto-

110 2527 218 2594 rem,
254 2503 318 2594 qui
345 2500 478 2572 merita
492 2505 607 2572 :annis
630 2506 814 2595 aequavit,
852 2527 946 2574 unus
966 2511 1117 2576 'tantum
1140 2507 1287 2574 scholae

116 2607 326 2678 etiamnum
362 2626 511 2696 operam
546 2605 729 2696 impendit
737 2631 748 2695 5
781 2608 1036 2698 ¹reliquorum.
1062 2609 1126 2676 alii
1161 2608 1287 2678 sedem

118 2720 329 2794 mutarunt,
363 2729 384 2774 e
418 2707 551 2796 quibus
578 2708 782 2798 plurimum
814 2731 876 2776 me
901 2709 1032 2778 debere
1057 2725 1180 2804 gratus
1207 2733 1288 2802 pro·
1404 2733 1407 2741 ’

118 2813 226 2882 fiteor
249 2807 383 2880 Joanni
406 2808 566 2896 Kobath,
590 2810 1025 2898 ViroReverendissimo,
1049 2835 1159 2903 quem
1184 2815 1289 2882 scho-

117 2915 165 2986 lis
179 2912 455 2984 Catholicorum
470 2933 536 3003 per
549 2911 715 2982 Silesiam
731 2913 1027 2984 administrandis
1046 2937 1163 3006 nuper
1176 2917 1288 3008 elegit

117 3017 231 3110 Regis
253 3013 518 3106 Sapientissimi
534 3015 761 3106 providentia
769 3040 783 3104 3w
810 3031 847 3084 et
859 3015 887 3084 F
888 3039 985 3086 rano.
1002 3017 1154 3085 Nicolao.
1168 3016 1287 3105 Klein,

117 3141 220 3210 nuno
247 3115 438 3208 Gymnasii
459 3117 711 3187 Confluentini
725 3119 911 3188 Directori
934 3119 1193 3205 meritissim05'
1216 3139 1285 3186 nec

118 3241 197 3290 non
208 3220 414 3314 Augustino
431 3218 587 3308 Kaluza,
611 3221 708 3312 apud
731 3219 978 3318 Nassidlenses
993 3243 1092 3290 nunc
1110 3221 1286 3308 Parosho,

117 3322 186 3417 qui
205 3320 401 3414 pueritiam
424 3343 549 3392 meam
572 3345 698 3392 amore
721 3347 805 3393 vere
825 3339 978 3416 paterno
995 3321 1204 3402 moderatus
1220 3337 1284 3392 est.

116 3426 219 3498 Alios
243 3435 712 3516 praeceptorum'meorum
740 3441 860 3496 morte
899 3427 1035 3494 ablatos
1063 3423 1190 3512 doleo,
1229 3426 1285 3492 in-

114 3526 248 3622 primis
272 3527 453 3595 loannem
477 3526 689 3626 Wiechota‚
720 3542 758 3598 et
780 3525 936 3596 docendi
960 3527 1090 3618 peritia
1114 3543 1154 3598 et
1180 3527 1285 3597 disci·

117 3631 241 3724 plinae
271 3629 367 3717 justa
399 3627 586 3698 severitate
612 3630 748 3721 pariter
779 3630 1056 3720 conspicuuum.
1108 3631 1284 3722 Superato

118 3745 205 3826 post
233 3731 467 3824 septennium
499 3733 667 3802 examine
698 3734 838 3824 primus
878 3755 898 3800 e
931 3731 1128 3824 Gymnasio
1158 3747 1284 3798 nostro

66 3881 68 3886 .
119 3841 208 3903 ounl
228 3836 368 3924 primae
398 3847 506 3902 notae
534 3834 746 3904 testimonio
778 3856 876 3904 anno
901 3833 1158 3904 MDCCCXVI
1179 3829 1284 3903 'inter
1385 3836 1389 3843 ’

117 3935 391 4026 Universitatis,
423 3937 579 4027 quaein
603 3937 673 4006 hac
699 3937 790 4006 urbe
811 3937 1009 4018 laetissime
1033 3938 1170 4025 floret„
1187 3935 1286 4005 cives

117 4051 287 4132 receptus
312 4037 360 4132 ad
378 4036 600 4134 philologiae
621 4037 787 4112 studium
807 4041 1022 4112 incumbere
1044 4038 1162 4132 coepi·
