2838 4590
681 265 708 320 0

16 434 31 450 Α
71 523 74 528 .
171 469 306 562 lugens
330 482 454 538 autem
477 479 515 534 et
537 460 766 557 deploranda
781 462 982 555 Gymnasii,
1008 469 1111 553 cujus
1129 466 1270 562 collega

98 593 200 659 sum,
224 571 431 662 frequentia
457 591 573 660 quum
598 563 796 655 effecisset,
831 581 872 635 ut
897 567 1098 660 superiores
1122 567 1267 639 ordines

97 674 137 752 in
178 661 305 743 coetus
345 695 422 742 sese
464 670 686 762 excipientes
719 669 1041 756 distribuerentur,
1079 695 1268 764 quumque

97 777 166 846 hac
207 799 249 844 re
287 784 372 844 sane
407 773 603 844 utilissima
641 791 819 839 numerus
858 772 1060 842 lectionum
1093 797 1113 842 a
1142 777 1269 866 quovis

98 876 359 971 magistrorum
384 873 575 946 habendus
603 872 755 944 dimidia
778 874 855 942 fere
877 890 978 967 parte
1005 891 1131 946 auctus
1154 895 1268 948 esset:

102 977 216 1048 omne'
234 980 310 1048 fere
334 979 402 1048 otii
425 996 584 1071 tempus,
606 975 703 1069 quod
726 977 874 1068 privatis
903 976 1032 1047 studiis
1056 1000 1270 1050 consecrare

101 1105 261 1174 possem,
298 1082 393 1150 rnihi
424 1095 658 1174 praereptum
690 1079 784 1168 vidi,
834 1081 1048 1172 praesertim
1084 1104 1199 1172 quum
1233 1099 1288 1170 etp

100 1185 345 1258 bibliothecae
365 1184 674 1254 administrandae
693 1197 731 1251 et
750 1182 937 1252 rationum
958 1184 1271 1256 conficiendarum

27 1355 28 1358 ,
66 1369 69 1374 ,
102 1311 195 1356 onus
229 1288 326 1355 mihi
359 1301 454 1356 esset
486 1288 708 1374 injunctum.
758 1285 839 1353 Hoc
873 1283 1025 1355 demum
1058 1308 1154 1356 anno
1189 1287 1271 1356 Col·

100 1390 208 1484 legii,
235 1389 334 1480 quod
360 1391 502 1459 scholas
529 1387 779 1476 administrat,
810 1397 901 1458 'cura
928 1389 1106 1458 sublevati
1132 1409 1269 1461 sumus

102 1492 234 1561 Statim
258 1493 372 1586 igitur
398 1493 567 1560 animum
594 1491 640 1561 ad
666 1490 969 1562 conscribendam
993 1493 1089 1560 banc
1112 1493 1272 1584 qualem÷

103 1615 248 1685 cunque
275 1594 631 1664 dissertatiunculam
658 1595 802 1683 appuli,
839 1618 927 1685 qua,
962 1596 993 1664 si
1026 1596 1108 1665 fieri
1139 1613 1272 1688 posset,

103 1697 245 1766 aditum
268 1697 315 1766 ad
333 1720 497 1768 summos
512 1717 676 1787 quosque
692 1695 732 1762 in
750 1695 980 1788 philosophia
994 1699 1152 1767 honores
1175 1699 1272 1769 mihi

102 1801 358 1892 patefacerem.
422 1799 502 1866 Hoc
540 1797 642 1865 enim
674 1817 818 1886 semper
849 1796 889 1864 in
922 1799 1012 1866 votis
1044 1801 1163 1871 fuerat
1172 1827 1183 1890 3
1234 1817 1273 1872 et

103 1903 253 1971 verebar
279 1900 409 1988 etiarn,
435 1921 494 1987 ne,
522 1921 637 1991 quum
666 1919 814 1990 operam
840 1898 1103 1990 discipulorum
1129 1905 1273 1998 ingenti

103 2027 261 2074 numero
286 2003 442 2071 dicatam
460 2002 607 2072 scholae
628 2001 801 2071 tenebrae
824 2002 1067 2099 abscondant,
1091 2003 1272 2076 librorum

102 2109 228 2176 autern
265 2106 556 2198 conscriptorum
598 2105 723 2174 titulos
771 2105 1023 2174 nundinarum
1066 2107 1273 2198 frequentia

104 2210 280 2298 celebret,
314 2209 455 2303 ingenii
482 2223 519 2277 et
543 2206 739 2276 indust1iae
771 2208 898 2300 culpae
920 2209 1042 2299 potuis
1068 2233 1179 2299 quarn
1204 2212 1273 2282 ini·

105 2333 201 2404 quae
218 2335 344 2382 rerum
366 2310 570 2380 conditioni
591 2311 990 2382 tribuereturnominis
1008 2312 1220 2386 obscuritas.

180 2415 264 2484 Non
282 2429 406 2482 autem
419 2437 587 2504 possum,
613 2413 702 2504 quin
727 2413 789 2480 hic
814 2415 925 2482 etiam
949 2429 1051 2506 grato
1073 2416 1198 2484 animo
1219 2441 1272 2486 re-

105 2507 235 2586 border
251 2517 471 2585 memoriam
485 2515 593 2602 Viri,
610 2515 700 2582 olim
727 2515 1036 2584 Reverendissimi
1062 2532 1098 2584 et
1121 2519 1272 2587 illustri-

13 2682 15 2686 ,
105 2620 210 2705 simi,
246 2619 394 2710 Joseplri
421 2615 601 2707 Sekeyde,
641 2637 727 2684 cum
759 2616 802 2683 de
830 2631 906 2687 tota
932 2642 970 2686 re
998 2620 1274 2690 Catholicorum

105 2739 172 2814 per
196 2721 362 2789 Silesiam
397 2719 630 2806 scholastica,
665 2733 748 2788 tum
781 2717 917 2788 deme
950 2722 1186 2792 meritissimi.
1238 2725 1272 2792 Is

105 2827 219 2912 enim,
243 2847 335 2914 quae
357 2837 414 2892 rat
435 2821 577 2914 ingenii
601 2821 764 2890 bonitate
786 2821 931 2910 eximia,
959 2839 996 2891 et
1010 2824 1120 2914 ¹¹quod
1147 2825 1189 2894 in‘
1212 2851 1276 2896 me·

105 2927 232 2996 nescio
258 2925 346 3018 quid
373 2923 669 2994 animadvertisse
691 2924 761 2992 sibi
793 2921 999 3012 videbatur,
1042 2927 1139 3017 qnod
1169 2953 1273 3021 spem

107 3032 268 3119 aliquam
293 3029 430 3097 bonam
464 3026 671 3114 suscitaret,
708 3042 745 3095 et
765 3029 921 3118 'publice
957 3045 997 3096 nt
1026 3031 1180 3119 pecunia
1215 3033 1274 3098 ad*

106 3135 270 3220 juvarer,
296 3132 453 3219 curavit,
481 3144 539 3216 et,
559 3130 723 3198 absoluto
745 3129 950 3199 studiorum
978 3133 1172 3216 curriculo,
1194 3135 1275 3201 Col-

107 3233 207 3326 legio
240 3233 461 3302 Scholastico
492 3255 554 3300 me
593 3231 863 3300 commendavit
873 3259 884 3322 3
937 3233 1135 3323 Gymnasio
1175 3235 1276 3307 idem

108 3359 172 3406 me
200 3349 325 3402 nostro
350 3357 426 3404 non
453 3335 533 3402 sine
562 3335 711 3428 negotio
743 3335 939 3404 vindicavit
969 3350 1005 3402 et
1037 3334 1082 3402 ad
1115 3353 1275 3410 mortem
1321 3395 1323 3402 .

108 3461 227 3530 usque
251 3440 520 3528 praematuram
554 3437 674 3505 fautor
703 3452 740 3505 et
768 3452 942 3527 patronus
975 3441 1185 3527 permansit.
1237 3443 1275 3516 st

110 3541 301 3633 quidest,
346 3539 442 3631 quod
467 3537 629 3628 doleam,
668 3555 745 3609 tam
781 3540 853 3606 cito
884 3540 1062 3631 perituras
1096 3567 1173 3612 esse
1209 3545 1276 3616 has

112 3646 276 3733 chartas,
315 3641 409 3710 illud
443 3643 607 3734 profecto
640 3658 713 3730 est,
758 3640 857 3732 quod
886 3665 962 3710 non
997 3647 1097 3713 valeo
1125 3647 1278 3739 exigere*

110 3761 399 3815 monumentum
421 3769 503 3814 aere
517 3745 712 3836 perennius
730 3745 813 3834 viri,
837 3745 940 3836 cujus
966 3749 1152 3820 trmrulnm
1177 3771 1275 3818 nunc

110 3849 216 3918 rixa
243 3849 349 3941 plebe
376 3847 576 3943 dignoscas.
650 3849 654 3854 ’
