<?xml version="1.0" encoding="UTF-8"?>
<!DOCTYPE html PUBLIC "-//W3C//DTD XHTML 1.0 Transitional//EN"
    "http://www.w3.org/TR/xhtml1/DTD/xhtml1-transitional.dtd">
<html xmlns="http://www.w3.org/1999/xhtml" xml:lang="en" lang="en">
 <head>
  <title>
</title>
<meta http-equiv="Content-Type" content="text/html;charset=utf-8" />
  <meta name='ocr-system' content='tesseract 3.04.00' />
  <meta name='ocr-capabilities' content='ocr_page ocr_carea ocr_par ocr_line ocrx_word'/>
</head>
<body>
  <div class='ocr_page' id='page_1' title='image "./theocritustheoc00wissgoog_0044.png"; bbox 0 0 2838 4590; ppageno 0'>
   <div class='ocr_carea' id='block_1_1' title="bbox 565 163 706 332">
    <p class='ocr_par' dir='ltr' id='par_1_1' title="bbox 565 163 706 332">
     <span class='ocr_line' id='line_1_1' title="bbox 565 163 706 332; baseline 0.028 -14"><span class='ocrx_word' id='word_1_1' title='bbox 565 323 570 332; x_wconf 77' lang='grc'>,</span> <span class='ocrx_word' id='word_1_2' title='bbox 650 163 706 322; x_wconf 68' lang='grc'><strong>35</strong></span> 
     </span>
    </p>
   </div>
   <div class='ocr_carea' id='block_1_2' title="bbox 108 437 1273 549">
    <p class='ocr_par' dir='ltr' id='par_1_2' title="bbox 108 437 1273 549">
     <span class='ocr_line' id='line_1_2' title="bbox 108 437 1273 549; baseline -0.004 -17"><span class='ocrx_word' id='word_1_3' title='bbox 108 463 139 474; x_wconf 57' lang='grc'><strong>““</strong></span> <span class='ocrx_word' id='word_1_4' title='bbox 167 455 345 532; x_wconf 74' lang='lat' dir='ltr'><strong>Caeterum</strong></span> <span class='ocrx_word' id='word_1_5' title='bbox 366 453 423 528; x_wconf 78' lang='lat' dir='ltr'><strong>vix</strong></span> <span class='ocrx_word' id='word_1_6' title='bbox 454 437 615 527; x_wconf 71' lang='lat' dir='ltr'><strong>credibile</strong></span> <span class='ocrx_word' id='word_1_7' title='bbox 634 457 714 538; x_wconf 77' lang='lat' dir='ltr'><strong>est,</strong></span> <span class='ocrx_word' id='word_1_8' title='bbox 748 461 894 542; x_wconf 88' lang='lat' dir='ltr'><strong>ineptum</strong></span> <span class='ocrx_word' id='word_1_9' title='bbox 927 459 1139 544; x_wconf 79' lang='lat' dir='ltr'><strong>rhapsodum,</strong></span> <span class='ocrx_word' id='word_1_10' title='bbox 1155 521 1157 526; x_wconf 83' lang='lat'><strong>.</strong></span> <span class='ocrx_word' id='word_1_11' title='bbox 1176 481 1273 549; x_wconf 88' lang='lat' dir='ltr'><strong>quem</strong></span> 
     </span>
    </p>
   </div>
   <div class='ocr_carea' id='block_1_3' title="bbox 85 547 1275 638">
    <p class='ocr_par' dir='ltr' id='par_1_3' title="bbox 85 547 1275 638">
     <span class='ocr_line' id='line_1_3' title="bbox 85 547 1275 638; baseline -0.004 -20"><span class='ocrx_word' id='word_1_12' title='bbox 85 547 364 638; x_wconf 64' lang='lat' dir='ltr'><strong>alienosrpannos‘</strong></span> <span class='ocrx_word' id='word_1_13' title='bbox 381 553 543 616; x_wconf 79' lang='lat' dir='ltr'><strong>consuisse</strong></span> <span class='ocrx_word' id='word_1_14' title='bbox 565 551 730 624; x_wconf 85' lang='lat' dir='ltr'><strong>autumat,</strong></span> <span class='ocrx_word' id='word_1_15' title='bbox 748 547 847 610; x_wconf 85' lang='lat' dir='ltr'><strong>hosce</strong></span> <span class='ocrx_word' id='word_1_16' title='bbox 868 563 977 610; x_wconf 89' lang='lat' dir='ltr'><strong>versus</strong></span> <span class='ocrx_word' id='word_1_17' title='bbox 999 563 1178 630; x_wconf 86' lang='lat' dir='ltr'><strong>postremos</strong></span> <span class='ocrx_word' id='word_1_18' title='bbox 1189 557 1275 637; x_wconf 78' lang='lat' dir='ltr'><strong>Har·</strong></span> 
     </span>
    </p>
   </div>
   <div class='ocr_carea' id='block_1_4' title="bbox 84 627 1275 804">
    <p class='ocr_par' dir='ltr' id='par_1_4' title="bbox 84 627 1275 804">
     <span class='ocr_line' id='line_1_4' title="bbox 84 627 1091 725; baseline -0.002 -23"><span class='ocrx_word' id='word_1_19' title='bbox 84 643 158 704; x_wconf 88' lang='lat' dir='ltr'><strong>lesii</strong></span> <span class='ocrx_word' id='word_1_20' title='bbox 181 645 282 702; x_wconf 87' lang='lat' dir='ltr'><strong>etiam</strong></span> <span class='ocrx_word' id='word_1_21' title='bbox 304 627 425 718; x_wconf 82' lang='lat' dir='ltr'><strong>judicio</strong></span> <span class='ocrx_word' id='word_1_22' title='bbox 450 636 708 725; x_wconf 80' lang='lat' dir='ltr'><strong>elegantissimos</strong></span> <span class='ocrx_word' id='word_1_23' title='bbox 722 636 920 722; x_wconf 72' lang='lat' dir='ltr'><strong>,excogitare</strong></span> <span class='ocrx_word' id='word_1_24' title='bbox 941 637 1091 716; x_wconf 86' lang='lat' dir='ltr'><strong>potuisse.</strong></span> 
     </span>
     <span class='ocr_line' id='line_1_5' title="bbox 168 719 1275 804; baseline -0.004 -16"><span class='ocrx_word' id='word_1_25' title='bbox 168 728 220 788; x_wconf 84' lang='lat' dir='ltr'><strong>Ad</strong></span> <span class='ocrx_word' id='word_1_26' title='bbox 248 723 502 786; x_wconf 55' lang='lat' dir='ltr'><strong>R‘einholdi&#39;tde</strong></span> <span class='ocrx_word' id='word_1_27' title='bbox 534 721 713 804; x_wconf 88' lang='lat' dir='ltr'><strong>posteriore</strong></span> <span class='ocrx_word' id='word_1_28' title='bbox 744 719 993 782; x_wconf 82' lang='lat' dir='ltr'><strong>narratiuncula</strong></span> <span class='ocrx_word' id='word_1_29' title='bbox 1022 722 1182 798; x_wconf 85' lang='lat' dir='ltr'><strong>judicium</strong></span> <span class='ocrx_word' id='word_1_30' title='bbox 1204 745 1275 786; x_wconf 76' lang='lat' dir='ltr'><strong>rno-</strong></span> 
     </span>
    </p>
   </div>
   <div class='ocr_carea' id='block_1_5' title="bbox 22 795 1289 978">
    <p class='ocr_par' dir='ltr' id='par_1_5' title="bbox 22 795 1325 978">
     <span class='ocr_line' id='line_1_6' title="bbox 82 795 1279 892; baseline -0.004 -18"><span class='ocrx_word' id='word_1_31' title='bbox 82 814 193 874; x_wconf 81' lang='lat' dir='ltr'><strong>nuisse</strong></span> <span class='ocrx_word' id='word_1_32' title='bbox 215 813 364 886; x_wconf 81' lang='lat' dir='ltr'><strong>sufficiat,</strong></span> <span class='ocrx_word' id='word_1_33' title='bbox 396 822 539 892; x_wconf 86' lang='lat' dir='ltr'><strong>poetam,</strong></span> <span class='ocrx_word' id='word_1_34' title='bbox 575 824 676 886; x_wconf 89' lang='lat' dir='ltr'><strong>quum</strong></span> <span class='ocrx_word' id='word_1_35' title='bbox 698 805 871 886; x_wconf 87' lang='lat' dir='ltr'><strong>Lynceum</strong></span> <span class='ocrx_word' id='word_1_36' title='bbox 894 827 931 868; x_wconf 88' lang='lat' dir='ltr'><strong>ea</strong></span> <span class='ocrx_word' id='word_1_37' title='bbox 953 795 1124 891; x_wconf 28' lang='lat' dir='ltr'><strong>dicentem·</strong></span> <span class='ocrx_word' id='word_1_38' title='bbox 1141 807 1279 872; x_wconf 73' lang='lat' dir='ltr'><strong>exhibe·</strong></span> 
     </span>
     <span class='ocr_line' id='line_1_7' title="bbox 22 890 1289 978; baseline 0.001 -18"><span class='ocrx_word' id='word_1_39' title='bbox 22 943 27 952; x_wconf 85' lang='lat'><strong>.</strong></span> <span class='ocrx_word' id='word_1_40' title='bbox 82 912 155 975; x_wconf 89' lang='lat' dir='ltr'><strong>ret,</strong></span> <span class='ocrx_word' id='word_1_41' title='bbox 197 915 278 978; x_wconf 87' lang='lat' dir='ltr'><strong>quae</strong></span> <span class='ocrx_word' id='word_1_42' title='bbox 300 917 391 962; x_wconf 83' lang='lat' dir='ltr'><strong>nunc</strong></span> <span class='ocrx_word' id='word_1_43' title='bbox 410 890 566 977; x_wconf 79' lang='lat' dir='ltr'><strong>legimus,</strong></span> <span class='ocrx_word' id='word_1_44' title='bbox 607 891 705 954; x_wconf 83' lang='lat' dir='ltr'><strong>laude</strong></span> <span class='ocrx_word' id='word_1_45' title='bbox 733 911 802 952; x_wconf 89' lang='lat' dir='ltr'><strong>non</strong></span> <span class='ocrx_word' id='word_1_46' title='bbox 832 892 993 976; x_wconf 90' lang='lat' dir='ltr'><strong>vituperio</strong></span> <span class='ocrx_word' id='word_1_47' title='bbox 1031 893 1170 976; x_wconf 77' lang='lat' dir='ltr'><strong>dignum.</strong></span> <span class='ocrx_word' id='word_1_48' title='bbox 1196 909 1289 964; x_wconf 72' lang='lat' dir='ltr'><strong>esset</strong></span> 
     </span>
    </p>
   </div>
   <div class='ocr_carea' id='block_1_6' title="bbox 84 977 1277 1577">
    <p class='ocr_par' dir='ltr' id='par_1_6' title="bbox 84 977 1277 1577">
     <span class='ocr_line' id='line_1_8' title="bbox 85 977 1276 1064; baseline -0.003 -20"><span class='ocrx_word' id='word_1_49' title='bbox 85 986 166 1064; x_wconf 88' lang='lat' dir='ltr'><strong>Quis</strong></span> <span class='ocrx_word' id='word_1_50' title='bbox 189 986 280 1044; x_wconf 88' lang='lat' dir='ltr'><strong>enim</strong></span> <span class='ocrx_word' id='word_1_51' title='bbox 301 1001 369 1043; x_wconf 89' lang='lat' dir='ltr'><strong>non</strong></span> <span class='ocrx_word' id='word_1_52' title='bbox 391 981 490 1057; x_wconf 88' lang='lat' dir='ltr'><strong>videt,</strong></span> <span class='ocrx_word' id='word_1_53' title='bbox 525 980 668 1040; x_wconf 81' lang='lat' dir='ltr'><strong>devitare</strong></span> <span class='ocrx_word' id='word_1_54' title='bbox 691 997 794 1058; x_wconf 82' lang='lat' dir='ltr'><strong>quum</strong></span> <span class='ocrx_word' id='word_1_55' title='bbox 815 977 875 1038; x_wconf 90' lang='lat' dir='ltr'><strong>ille</strong></span> <span class='ocrx_word' id='word_1_56' title='bbox 901 997 999 1060; x_wconf 87' lang='lat' dir='ltr'><strong>quam</strong></span> <span class='ocrx_word' id='word_1_57' title='bbox 1021 991 1196 1063; x_wconf 72' lang='lat' dir='ltr'><strong>attrectare</strong></span> <span class='ocrx_word' id='word_1_58' title='bbox 1213 977 1276 1064; x_wconf 76' lang='lat' dir='ltr'><strong>&#39;pu-</strong></span> 
     </span>
     <span class='ocr_line' id='line_1_9' title="bbox 84 1057 1276 1158; baseline -0.003 -29"><span class='ocrx_word' id='word_1_59' title='bbox 84 1075 191 1152; x_wconf 50' lang='lat' dir='ltr'><strong>gnam¹</strong></span> <span class='ocrx_word' id='word_1_60' title='bbox 209 1069 336 1145; x_wconf 88' lang='lat' dir='ltr'><strong>mallet,</strong></span> <span class='ocrx_word' id='word_1_61' title='bbox 359 1057 473 1148; x_wconf 83' lang='lat' dir='ltr'><strong>utpote</strong></span> <span class='ocrx_word' id='word_1_62' title='bbox 493 1073 570 1150; x_wconf 77' lang='lat' dir='ltr'><strong>&#39;curn</strong></span> <span class='ocrx_word' id='word_1_63' title='bbox 591 1065 728 1158; x_wconf 55' lang='lat' dir='ltr'><strong>fortiore</strong></span> <span class='ocrx_word' id='word_1_64' title='bbox 751 1075 784 1123; x_wconf 88' lang='lat' dir='ltr'><strong>et</strong></span> <span class='ocrx_word' id='word_1_65' title='bbox 797 1065 884 1151; x_wconf 86' lang='lat' dir='ltr'><strong>Jovis</strong></span> <span class='ocrx_word' id='word_1_66' title='bbox 905 1061 975 1125; x_wconf 86' lang='lat' dir='ltr'><strong>filio</strong></span> <span class='ocrx_word' id='word_1_67' title='bbox 992 1065 1183 1150; x_wconf 79' lang='lat' dir='ltr'><strong>ineundam,</strong></span> <span class='ocrx_word' id='word_1_68' title='bbox 1214 1064 1276 1130; x_wconf 80' lang='lat' dir='ltr'><strong>hac</strong></span> 
     </span>
     <span class='ocr_line' id='line_1_10' title="bbox 84 1147 1276 1235; baseline -0.003 -19"><span class='ocrx_word' id='word_1_69' title='bbox 84 1158 122 1216; x_wconf 88' lang='lat' dir='ltr'><strong>in</strong></span> <span class='ocrx_word' id='word_1_70' title='bbox 143 1155 361 1235; x_wconf 73' lang='lat' dir='ltr'><strong>trepidatione</strong></span> <span class='ocrx_word' id='word_1_71' title='bbox 382 1173 450 1214; x_wconf 89' lang='lat' dir='ltr'><strong>non</strong></span> <span class='ocrx_word' id='word_1_72' title='bbox 473 1151 676 1212; x_wconf 81' lang='lat' dir='ltr'><strong>mediocrem</strong></span> <span class='ocrx_word' id='word_1_73' title='bbox 697 1149 835 1210; x_wconf 89' lang='lat' dir='ltr'><strong>Castoris</strong></span> <span class='ocrx_word' id='word_1_74' title='bbox 856 1147 1141 1234; x_wconf 77' lang='lat' dir='ltr'><strong>laudern-inesse?</strong></span> <span class='ocrx_word' id='word_1_75' title='bbox 1163 1151 1276 1235; x_wconf 82' lang='lat' dir='ltr'><strong>Pugna</strong></span> 
     </span>
     <span class='ocr_line' id='line_1_11' title="bbox 85 1231 1277 1322; baseline -0.003 -20"><span class='ocrx_word' id='word_1_76' title='bbox 85 1253 163 1302; x_wconf 75' lang='lat' dir='ltr'><strong>tero</strong></span> <span class='ocrx_word' id='word_1_77' title='bbox 187 1243 257 1322; x_wconf 82' lang='lat' dir='ltr'><strong>ipsa</strong></span> <span class='ocrx_word' id='word_1_78' title='bbox 288 1239 336 1302; x_wconf 38' lang='lat' dir='ltr'><strong>ad.</strong></span> <span class='ocrx_word' id='word_1_79' title='bbox 351 1238 491 1300; x_wconf 90' lang='lat' dir='ltr'><strong>Homeri</strong></span> <span class='ocrx_word' id='word_1_80' title='bbox 519 1235 711 1316; x_wconf 88' lang='lat' dir='ltr'><strong>exemplum</strong></span> <span class='ocrx_word' id='word_1_81' title='bbox 732 1234 926 1300; x_wconf 79' lang='lat' dir='ltr'><strong>adumbrata</strong></span> <span class='ocrx_word' id='word_1_82' title='bbox 956 1247 1022 1309; x_wconf 86' lang='lat' dir='ltr'><strong>est;</strong></span> <span class='ocrx_word' id='word_1_83' title='bbox 1067 1250 1100 1297; x_wconf 92' lang='lat' dir='ltr'><strong>et</strong></span> <span class='ocrx_word' id='word_1_84' title='bbox 1128 1231 1277 1318; x_wconf 86' lang='lat' dir='ltr'><strong>proiecto</strong></span> 
     </span>
     <span class='ocr_line' id='line_1_12' title="bbox 86 1319 1275 1408; baseline 0 -22"><span class='ocrx_word' id='word_1_85' title='bbox 86 1327 205 1388; x_wconf 85' lang='lat' dir='ltr'><strong>eodem</strong></span> <span class='ocrx_word' id='word_1_86' title='bbox 227 1329 300 1408; x_wconf 83' lang='lat' dir='ltr'><strong>jure</strong></span> <span class='ocrx_word' id='word_1_87' title='bbox 323 1322 500 1386; x_wconf 86' lang='lat' dir='ltr'><strong>contendat</strong></span> <span class='ocrx_word' id='word_1_88' title='bbox 521 1321 653 1403; x_wconf 85' lang='lat' dir='ltr'><strong>aliquis,</strong></span> <span class='ocrx_word' id='word_1_89' title='bbox 676 1319 815 1381; x_wconf 80' lang='lat' dir='ltr'><strong>Achillis</strong></span> <span class='ocrx_word' id='word_1_90' title='bbox 837 1321 1082 1403; x_wconf 80' lang='lat' dir='ltr'><strong>virtutemnon</strong></span> <span class='ocrx_word' id='word_1_91' title='bbox 1102 1325 1176 1396; x_wconf 80' lang='lat' dir='ltr'><strong>satis</strong></span> <span class='ocrx_word' id='word_1_92' title='bbox 1197 1323 1275 1386; x_wconf 89' lang='lat' dir='ltr'><strong>illu-</strong></span> 
     </span>
     <span class='ocr_line' id='line_1_13' title="bbox 87 1405 1276 1494; baseline -0.003 -21"><span class='ocrx_word' id='word_1_93' title='bbox 87 1412 188 1473; x_wconf 57' lang='lat' dir='ltr'><strong>strari*</strong></span> <span class='ocrx_word' id='word_1_94' title='bbox 207 1413 247 1471; x_wconf 92' lang='lat' dir='ltr'><strong>ah</strong></span> <span class='ocrx_word' id='word_1_95' title='bbox 271 1409 435 1484; x_wconf 84' lang='lat' dir='ltr'><strong>Homero,</strong></span> <span class='ocrx_word' id='word_1_96' title='bbox 476 1408 595 1489; x_wconf 87' lang='lat' dir='ltr'><strong>quippe</strong></span> <span class='ocrx_word' id='word_1_97' title='bbox 617 1407 670 1470; x_wconf 92' lang='lat' dir='ltr'><strong>cui</strong></span> <span class='ocrx_word' id='word_1_98' title='bbox 692 1407 872 1488; x_wconf 87' lang='lat' dir='ltr'><strong>opituletur</strong></span> <span class='ocrx_word' id='word_1_99' title='bbox 890 1405 1059 1490; x_wconf 80' lang='lat' dir='ltr'><strong>Minerva,</strong></span> <span class='ocrx_word' id='word_1_100' title='bbox 1097 1407 1276 1494; x_wconf 80' lang='lat' dir='ltr'><strong>Hectorem</strong></span> 
     </span>
     <span class='ocr_line' id='line_1_14' title="bbox 89 1491 1277 1577; baseline 0 -21"><span class='ocrx_word' id='word_1_101' title='bbox 89 1497 227 1557; x_wconf 89' lang='lat' dir='ltr'><strong>eludens</strong></span> <span class='ocrx_word' id='word_1_102' title='bbox 251 1509 282 1556; x_wconf 88' lang='lat' dir='ltr'><strong>et</strong></span> <span class='ocrx_word' id='word_1_103' title='bbox 303 1493 479 1576; x_wconf 84' lang='lat' dir='ltr'><strong>decipiens,</strong></span> <span class='ocrx_word' id='word_1_104' title='bbox 504 1495 586 1554; x_wconf 86' lang='lat' dir='ltr'><strong>sicut</strong></span> <span class='ocrx_word' id='word_1_105' title='bbox 606 1494 643 1552; x_wconf 88' lang='lat' dir='ltr'><strong>in</strong></span> <span class='ocrx_word' id='word_1_106' title='bbox 662 1505 774 1577; x_wconf 84' lang='lat' dir='ltr'><strong>nostro</strong></span> <span class='ocrx_word' id='word_1_107' title='bbox 789 1492 915 1573; x_wconf 87' lang='lat' dir='ltr'><strong>hymno</strong></span> <span class='ocrx_word' id='word_1_108' title='bbox 931 1491 1060 1555; x_wconf 84' lang='lat' dir='ltr'><strong>Polluci</strong></span> <span class='ocrx_word' id='word_1_109' title='bbox 1075 1491 1277 1576; x_wconf 80' lang='lat' dir='ltr'><strong>periclitanti</strong></span> 
     </span>
    </p>
   </div>
   <div class='ocr_carea' id='block_1_7' title="bbox 89 1577 1340 1660">
    <p class='ocr_par' dir='ltr' id='par_1_7' title="bbox 89 1577 1340 1660">
     <span class='ocr_line' id='line_1_15' title="bbox 89 1577 1340 1660; baseline -0.001 -17"><span class='ocrx_word' id='word_1_110' title='bbox 89 1583 205 1660; x_wconf 77' lang='lat' dir='ltr'><strong>lovem</strong></span> <span class='ocrx_word' id='word_1_111' title='bbox 227 1581 335 1642; x_wconf 89' lang='lat' dir='ltr'><strong>adesse</strong></span> <span class='ocrx_word' id='word_1_112' title='bbox 357 1578 667 1642; x_wconf 62' lang='lat' dir='ltr'><strong>videmus-*Nostri</strong></span> <span class='ocrx_word' id='word_1_113' title='bbox 688 1579 802 1658; x_wconf 86' lang='lat' dir='ltr'><strong>poetae</strong></span> <span class='ocrx_word' id='word_1_114' title='bbox 832 1581 869 1638; x_wconf 90' lang='lat' dir='ltr'><strong>in</strong></span> <span class='ocrx_word' id='word_1_115' title='bbox 901 1578 1060 1654; x_wconf 87' lang='lat' dir='ltr'><strong>ejusmodi</strong></span> <span class='ocrx_word' id='word_1_116' title='bbox 1089 1577 1276 1660; x_wconf 71' lang='lat' dir='ltr'><strong>descriptio-¹</strong></span> <span class='ocrx_word' id='word_1_117' title='bbox 1339 1605 1340 1613; x_wconf 53' lang='lat'>¹</span> 
     </span>
    </p>
   </div>
   <div class='ocr_carea' id='block_1_8' title="bbox 88 1657 1278 1833">
    <p class='ocr_par' dir='ltr' id='par_1_8' title="bbox 88 1657 1278 1833">
     <span class='ocr_line' id='line_1_16' title="bbox 88 1657 1276 1748; baseline 0 -20"><span class='ocrx_word' id='word_1_118' title='bbox 88 1669 188 1730; x_wconf 83' lang='lat' dir='ltr'><strong>nibus</strong></span> <span class='ocrx_word' id='word_1_119' title='bbox 210 1663 391 1742; x_wconf 87' lang='lat' dir='ltr'><strong>luxuriant,</strong></span> <span class='ocrx_word' id='word_1_120' title='bbox 413 1679 451 1726; x_wconf 91' lang='lat' dir='ltr'><strong>ut</strong></span> <span class='ocrx_word' id='word_1_121' title='bbox 471 1666 605 1726; x_wconf 82' lang='lat' dir='ltr'><strong>fortuna</strong></span> <span class='ocrx_word' id='word_1_122' title='bbox 627 1662 716 1724; x_wconf 86' lang='lat' dir='ltr'><strong>vario</strong></span> <span class='ocrx_word' id='word_1_123' title='bbox 737 1657 882 1724; x_wconf 86' lang='lat' dir='ltr'><strong>ludibrio</strong></span> <span class='ocrx_word' id='word_1_124' title='bbox 905 1667 1103 1748; x_wconf 75' lang='lat' dir='ltr'><strong>certantium</strong></span> <span class='ocrx_word' id='word_1_125' title='bbox 1117 1665 1276 1728; x_wconf 83' lang='lat' dir='ltr'><strong>fortitudo</strong></span> 
     </span>
     <span class='ocr_line' id='line_1_17' title="bbox 91 1749 1278 1833; baseline 0 -19"><span class='ocrx_word' id='word_1_126' title='bbox 91 1753 267 1830; x_wconf 81' lang='lat' dir='ltr'><strong>clarescat,</strong></span> <span class='ocrx_word' id='word_1_127' title='bbox 312 1750 691 1833; x_wconf 84' lang='lat' dir='ltr'><strong>animique··legentium</strong></span> <span class='ocrx_word' id='word_1_128' title='bbox 720 1750 864 1830; x_wconf 86' lang='lat' dir='ltr'><strong>suspensi</strong></span> <span class='ocrx_word' id='word_1_129' title='bbox 886 1753 1082 1812; x_wconf 76' lang='lat' dir='ltr'><strong>teneantur:</strong></span> <span class='ocrx_word' id='word_1_130' title='bbox 1128 1749 1278 1816; x_wconf 81' lang='lat' dir='ltr'><strong>veteruni</strong></span> 
     </span>
    </p>
   </div>
   <div class='ocr_carea' id='block_1_9' title="bbox 88 1833 1232 1924">
    <p class='ocr_par' dir='ltr' id='par_1_9' title="bbox 88 1833 1232 1924">
     <span class='ocr_line' id='line_1_18' title="bbox 88 1833 1232 1924; baseline -0.003 -24"><span class='ocrx_word' id='word_1_131' title='bbox 88 1850 202 1900; x_wconf 83' lang='lat' dir='ltr'><strong>autem</strong></span> <span class='ocrx_word' id='word_1_132' title='bbox 232 1835 438 1899; x_wconf 83' lang='lat' dir='ltr'><strong>incredibilis</strong></span> <span class='ocrx_word' id='word_1_133' title='bbox 459 1847 507 1897; x_wconf 87' lang='lat' dir='ltr'><strong>est</strong></span> <span class='ocrx_word' id='word_1_134' title='bbox 528 1838 564 1896; x_wconf 91' lang='lat' dir='ltr'><strong>in</strong></span> <span class='ocrx_word' id='word_1_135' title='bbox 585 1835 674 1896; x_wconf 89' lang='lat' dir='ltr'><strong>hisce</strong></span> <span class='ocrx_word' id='word_1_136' title='bbox 694 1836 791 1896; x_wconf 88' lang='lat' dir='ltr'><strong>rebus</strong></span> <span class='ocrx_word' id='word_1_137' title='bbox 812 1833 1010 1916; x_wconf 80' lang='lat' dir='ltr'><strong>simplicitas.</strong></span> <span class='ocrx_word' id='word_1_138' title='bbox 1073 1844 1078 1853; x_wconf 88' lang='lat'><strong><em>‘</em></strong></span> <span class='ocrx_word' id='word_1_139' title='bbox 1136 1903 1139 1910; x_wconf 51' lang='grc'>,</span> <span class='ocrx_word' id='word_1_140' title='bbox 1221 1884 1232 1924; x_wconf 74' lang='lat'><strong>,</strong></span> 
     </span>
    </p>
   </div>
   <div class='ocr_carea' id='block_1_10' title="bbox 93 1924 1285 2035">
    <p class='ocr_par' dir='ltr' id='par_1_10' title="bbox 93 1924 1285 2035">
     <span class='ocr_line' id='line_1_19' title="bbox 93 1924 1285 2035; baseline -0.008 -8"><span class='ocrx_word' id='word_1_141' title='bbox 93 2019 100 2034; x_wconf 83' lang='grc'><strong><em>,</em></strong></span> <span class='ocrx_word' id='word_1_142' title='bbox 174 1957 372 2026; x_wconf 82' lang='lat' dir='ltr'><strong>Accedimus</strong></span> <span class='ocrx_word' id='word_1_143' title='bbox 391 1958 458 2035; x_wconf 83' lang='lat' dir='ltr'><strong>jam</strong></span> <span class='ocrx_word' id='word_1_144' title='bbox 480 1956 522 2019; x_wconf 92' lang='lat' dir='ltr'><strong>ad</strong></span> <span class='ocrx_word' id='word_1_145' title='bbox 543 1975 678 2020; x_wconf 85' lang='lat' dir='ltr'><strong>carmen</strong></span> <span class='ocrx_word' id='word_1_146' title='bbox 697 1953 810 2030; x_wconf 85' lang='lat' dir='ltr'><strong>XVII,</strong></span> <span class='ocrx_word' id='word_1_147' title='bbox 850 1955 937 2035; x_wconf 90' lang='lat' dir='ltr'><strong>quod</strong></span> <span class='ocrx_word' id='word_1_148' title='bbox 963 1924 1285 2032; x_wconf 44' lang='lat' dir='ltr'><strong>EichstadioCalliss,</strong></span> 
     </span>
    </p>
   </div>
   <div class='ocr_carea' id='block_1_11' title="bbox 87 2041 1279 2383">
    <p class='ocr_par' dir='ltr' id='par_1_11' title="bbox 87 2041 1279 2383">
     <span class='ocr_line' id='line_1_20' title="bbox 87 2041 1277 2126; baseline 0.002 -22"><span class='ocrx_word' id='word_1_149' title='bbox 87 2043 304 2125; x_wconf 78' lang='lat' dir='ltr'><strong>machaerum</strong></span> <span class='ocrx_word' id='word_1_150' title='bbox 317 2043 515 2122; x_wconf 88' lang='lat' dir='ltr'><strong>hymnorum</strong></span> <span class='ocrx_word' id='word_1_151' title='bbox 529 2043 726 2103; x_wconf 87' lang='lat' dir='ltr'><strong>tenuitatem</strong></span> <span class='ocrx_word' id='word_1_152' title='bbox 741 2058 891 2122; x_wconf 82' lang='lat' dir='ltr'><strong>aequare,</strong></span> <span class='ocrx_word' id='word_1_153' title='bbox 905 2041 1109 2126; x_wconf 82' lang='lat' dir='ltr'><strong>jejunitatem</strong></span> <span class='ocrx_word' id='word_1_154' title='bbox 1123 2062 1277 2124; x_wconf 82' lang='lat' dir='ltr'><strong>superare</strong></span> 
     </span>
     <span class='ocr_line' id='line_1_21' title="bbox 88 2119 1275 2210; baseline -0.003 -19"><span class='ocrx_word' id='word_1_155' title='bbox 88 2128 231 2194; x_wconf 87' lang='lat' dir='ltr'><strong>videtur.</strong></span> <span class='ocrx_word' id='word_1_156' title='bbox 272 2127 422 2190; x_wconf 81' lang='lat' dir='ltr'><strong>Reislrius</strong></span> <span class='ocrx_word' id='word_1_157' title='bbox 445 2138 559 2189; x_wconf 87' lang='lat' dir='ltr'><strong>tamen</strong></span> <span class='ocrx_word' id='word_1_158' title='bbox 580 2123 785 2190; x_wconf 79' lang='lat' dir='ltr'><strong>Callimacho</strong></span> <span class='ocrx_word' id='word_1_159' title='bbox 815 2119 1037 2208; x_wconf 77' lang='lat' dir='ltr'><strong>vindicarerat</strong></span> <span class='ocrx_word' id='word_1_160' title='bbox 1052 2125 1136 2204; x_wconf 71' lang='lat' dir='ltr'><strong>&#39;&#39;(ad</strong></span> <span class='ocrx_word' id='word_1_161' title='bbox 1159 2151 1187 2194; x_wconf 87' lang='lat' dir='ltr'><strong>v.</strong></span> <span class='ocrx_word' id='word_1_162' title='bbox 1210 2128 1275 2210; x_wconf 83' lang='grc'><strong>68)</strong></span> 
     </span>
     <span class='ocr_line' id='line_1_22' title="bbox 90 2197 1279 2298; baseline 0.002 -22"><span class='ocrx_word' id='word_1_163' title='bbox 90 2215 363 2298; x_wconf 86' lang='lat' dir='ltr'><strong>adstipulantibus</strong></span> <span class='ocrx_word' id='word_1_164' title='bbox 373 2213 536 2276; x_wconf 87' lang='lat' dir='ltr'><strong>Wartono</strong></span> <span class='ocrx_word' id='word_1_165' title='bbox 546 2227 584 2274; x_wconf 88' lang='lat' dir='ltr'><strong>et.</strong></span> <span class='ocrx_word' id='word_1_166' title='bbox 595 2210 806 2284; x_wconf 78' lang='lat' dir='ltr'><strong>Ahlwardt03</strong></span> <span class='ocrx_word' id='word_1_167' title='bbox 824 2197 998 2276; x_wconf 77' lang='lat' dir='ltr'><strong>Marsonia</strong></span> <span class='ocrx_word' id='word_1_168' title='bbox 1022 2213 1219 2298; x_wconf 78' lang='lat' dir='ltr'><strong>(Nachtrilge</strong></span> <span class='ocrx_word' id='word_1_169' title='bbox 1236 2237 1279 2293; x_wconf 69' lang='lat' dir='ltr'><strong>ru</strong></span> 
     </span>
     <span class='ocr_line' id='line_1_23' title="bbox 89 2297 1276 2383; baseline 0 -20"><span class='ocrx_word' id='word_1_170' title='bbox 89 2301 210 2380; x_wconf 76' lang='lat' dir='ltr'><strong>Sulzer</strong></span> <span class='ocrx_word' id='word_1_171' title='bbox 229 2301 254 2364; x_wconf 86' lang='grc' dir='ltr'><strong>Ι.</strong></span> <span class='ocrx_word' id='word_1_172' title='bbox 276 2323 319 2382; x_wconf 90' lang='lat' dir='ltr'><strong>p..</strong></span> <span class='ocrx_word' id='word_1_173' title='bbox 333 2307 392 2374; x_wconf 82' lang='lat'><strong>113</strong></span> <span class='ocrx_word' id='word_1_174' title='bbox 415 2301 499 2382; x_wconf 87' lang='lat' dir='ltr'><strong>seq.)</strong></span> <span class='ocrx_word' id='word_1_175' title='bbox 529 2299 643 2383; x_wconf 79' lang='lat' dir='ltr'><strong>stilum</strong></span> <span class='ocrx_word' id='word_1_176' title='bbox 664 2310 754 2359; x_wconf 88' lang='lat' dir='ltr'><strong>certe</strong></span> <span class='ocrx_word' id='word_1_177' title='bbox 775 2297 972 2361; x_wconf 86' lang='lat' dir='ltr'><strong>Callimachi</strong></span> <span class='ocrx_word' id='word_1_178' title='bbox 995 2300 1122 2360; x_wconf 83' lang='lat' dir='ltr'><strong>referre</strong></span> <span class='ocrx_word' id='word_1_179' title='bbox 1145 2302 1276 2362; x_wconf 85' lang='lat' dir='ltr'><strong>videba-</strong></span> 
     </span>
    </p>
   </div>
   <div class='ocr_carea' id='block_1_12' title="bbox 19 2383 1312 2468">
    <p class='ocr_par' dir='ltr' id='par_1_12' title="bbox 19 2383 1312 2468">
     <span class='ocr_line' id='line_1_24' title="bbox 19 2383 1312 2468; baseline 0 -20"><span class='ocrx_word' id='word_1_180' title='bbox 19 2457 20 2460; x_wconf 8' lang='grc' dir='ltr'><strong>Ἴ</strong></span> <span class='ocrx_word' id='word_1_181' title='bbox 89 2401 156 2452; x_wconf 88' lang='lat' dir='ltr'><strong>tur.</strong></span> <span class='ocrx_word' id='word_1_182' title='bbox 194 2385 260 2458; x_wconf 88' lang='lat' dir='ltr'><strong>Sed</strong></span> <span class='ocrx_word' id='word_1_183' title='bbox 272 2383 442 2449; x_wconf 77' lang='lat' dir='ltr'><strong>Reislrium</strong></span> <span class='ocrx_word' id='word_1_184' title='bbox 461 2383 517 2446; x_wconf 91' lang='lat' dir='ltr'><strong>hic</strong></span> <span class='ocrx_word' id='word_1_185' title='bbox 540 2405 668 2466; x_wconf 89' lang='lat' dir='ltr'><strong>quoque</strong></span> <span class='ocrx_word' id='word_1_186' title='bbox 689 2384 763 2444; x_wconf 87' lang='lat' dir='ltr'><strong>satis</strong></span> <span class='ocrx_word' id='word_1_187' title='bbox 784 2383 899 2445; x_wconf 82' lang='lat' dir='ltr'><strong>mirari</strong></span> <span class='ocrx_word' id='word_1_188' title='bbox 919 2405 989 2446; x_wconf 91' lang='lat' dir='ltr'><strong>non</strong></span> <span class='ocrx_word' id='word_1_189' title='bbox 1009 2403 1148 2464; x_wconf 86' lang='lat' dir='ltr'><strong>possum.</strong></span> <span class='ocrx_word' id='word_1_190' title='bbox 1180 2389 1278 2468; x_wconf 79' lang='lat' dir='ltr'><strong>Qued</strong></span> <span class='ocrx_word' id='word_1_191' title='bbox 1307 2429 1312 2454; x_wconf 85' lang='grc'>,</span> 
     </span>
    </p>
   </div>
   <div class='ocr_carea' id='block_1_13' title="bbox 89 2469 1279 2895">
    <p class='ocr_par' dir='ltr' id='par_1_13' title="bbox 89 2469 1279 2895">
     <span class='ocr_line' id='line_1_25' title="bbox 92 2469 1277 2550; baseline 0.003 -18"><span class='ocrx_word' id='word_1_192' title='bbox 92 2474 186 2544; x_wconf 85' lang='lat' dir='ltr'><strong>enim</strong></span> <span class='ocrx_word' id='word_1_193' title='bbox 207 2473 360 2538; x_wconf 83' lang='lat' dir='ltr'><strong>carminis</strong></span> <span class='ocrx_word' id='word_1_194' title='bbox 393 2483 506 2534; x_wconf 90' lang='lat' dir='ltr'><strong>auctor</strong></span> <span class='ocrx_word' id='word_1_195' title='bbox 537 2472 631 2534; x_wconf 85' lang='lat' dir='ltr'><strong>aulae</strong></span> <span class='ocrx_word' id='word_1_196' title='bbox 657 2469 896 2547; x_wconf 83' lang='lat' dir='ltr'><strong>Ptolemaicae,</strong></span> <span class='ocrx_word' id='word_1_197' title='bbox 936 2483 975 2532; x_wconf 91' lang='lat' dir='ltr'><strong>ut</strong></span> <span class='ocrx_word' id='word_1_198' title='bbox 1003 2471 1064 2550; x_wconf 87' lang='lat' dir='ltr'><strong>ipsi</strong></span> <span class='ocrx_word' id='word_1_199' title='bbox 1095 2469 1277 2548; x_wconf 86' lang='lat' dir='ltr'><strong>videbatur,</strong></span> 
     </span>
     <span class='ocr_line' id='line_1_26' title="bbox 93 2554 1278 2640; baseline 0.004 -24"><span class='ocrx_word' id='word_1_200' title='bbox 93 2554 198 2640; x_wconf 72' lang='lat' dir='ltr'><strong>&#39;cliens</strong></span> <span class='ocrx_word' id='word_1_201' title='bbox 221 2569 253 2616; x_wconf 92' lang='lat' dir='ltr'><strong>et</strong></span> <span class='ocrx_word' id='word_1_202' title='bbox 275 2557 425 2620; x_wconf 88' lang='lat' dir='ltr'><strong>alumnus</strong></span> <span class='ocrx_word' id='word_1_203' title='bbox 447 2555 566 2618; x_wconf 89' lang='lat' dir='ltr'><strong>melius</strong></span> <span class='ocrx_word' id='word_1_204' title='bbox 585 2555 805 2617; x_wconf 71' lang='lat' dir='ltr'><strong>intellexisset</strong></span> <span class='ocrx_word' id='word_1_205' title='bbox 823 2555 944 2618; x_wconf 76' lang='lat' dir='ltr'><strong>arilicus</strong></span> <span class='ocrx_word' id='word_1_206' title='bbox 974 2568 1076 2632; x_wconf 85' lang='lat' dir='ltr'><strong>artes,</strong></span> <span class='ocrx_word' id='word_1_207' title='bbox 1115 2573 1278 2636; x_wconf 66' lang='lat' dir='ltr'><strong>quamsut</strong></span> 
     </span>
     <span class='ocr_line' id='line_1_27' title="bbox 91 2637 1277 2724; baseline 0.005 -22"><span class='ocrx_word' id='word_1_208' title='bbox 91 2638 356 2724; x_wconf 88' lang='lat' dir='ltr'><strong>pulcherrimum</strong></span> <span class='ocrx_word' id='word_1_209' title='bbox 377 2643 487 2706; x_wconf 86' lang='lat' dir='ltr'><strong>locum</strong></span> <span class='ocrx_word' id='word_1_210' title='bbox 507 2637 575 2724; x_wconf 83' lang='lat' dir='ltr'><strong>regi</strong></span> <span class='ocrx_word' id='word_1_211' title='bbox 598 2661 656 2702; x_wconf 90' lang='lat' dir='ltr'><strong>suo</strong></span> <span class='ocrx_word' id='word_1_212' title='bbox 673 2639 869 2702; x_wconf 83' lang='lat' dir='ltr'><strong>blandiendi</strong></span> <span class='ocrx_word' id='word_1_213' title='bbox 890 2642 1065 2716; x_wconf 87' lang='lat' dir='ltr'><strong>omitteret,</strong></span> <span class='ocrx_word' id='word_1_214' title='bbox 1089 2660 1149 2721; x_wconf 90' lang='lat' dir='ltr'><strong>pro</strong></span> <span class='ocrx_word' id='word_1_215' title='bbox 1170 2639 1277 2708; x_wconf 75' lang='grc' dir='ltr'><strong><em>ὅσσον</em></strong></span> 
     </span>
     <span class='ocr_line' id='line_1_28' title="bbox 91 2721 1277 2806; baseline 0.003 -18"><span class='ocrx_word' id='word_1_216' title='bbox 91 2727 154 2800; x_wconf 74' lang='grc' dir='ltr'><strong>καὶ</strong></span> <span class='ocrx_word' id='word_1_217' title='bbox 172 2721 355 2804; x_wconf 60' lang='lat' dir='ltr'><strong>‘Pirum</strong></span> <span class='ocrx_word' id='word_1_218' title='bbox 388 2727 598 2791; x_wconf 87' lang='lat' dir='ltr'><strong>scribendum</strong></span> <span class='ocrx_word' id='word_1_219' title='bbox 620 2726 840 2801; x_wconf 73' lang='lat' dir='ltr'><strong>illeconjecit</strong></span> <span class='ocrx_word' id='word_1_220' title='bbox 860 2723 938 2789; x_wconf 76' lang='grc' dir='ltr'><strong><em>ἴσον</em></strong></span> <span class='ocrx_word' id='word_1_221' title='bbox 957 2728 1178 2806; x_wconf 66' lang='grc' dir='ltr'><strong><em>Κυρηναῖανς</em></strong></span> <span class='ocrx_word' id='word_1_222' title='bbox 1220 2731 1277 2792; x_wconf 86' lang='lat' dir='ltr'><strong>sed</strong></span> 
     </span>
     <span class='ocr_line' id='line_1_29' title="bbox 89 2811 1279 2895; baseline 0.002 -19"><span class='ocrx_word' id='word_1_223' title='bbox 89 2811 163 2876; x_wconf 85' lang='lat' dir='ltr'><strong>hoc</strong></span> <span class='ocrx_word' id='word_1_224' title='bbox 177 2811 383 2893; x_wconf 59' lang='lat' dir='ltr'><strong>Reparatur</strong></span> <span class='ocrx_word' id='word_1_225' title='bbox 404 2813 517 2895; x_wconf 83' lang='lat' dir='ltr'><strong>(longa</strong></span> <span class='ocrx_word' id='word_1_226' title='bbox 537 2811 671 2890; x_wconf 89' lang='lat' dir='ltr'><strong>ultima)</strong></span> <span class='ocrx_word' id='word_1_227' title='bbox 694 2811 904 2872; x_wconf 88' lang='lat' dir='ltr'><strong>scribendum</strong></span> <span class='ocrx_word' id='word_1_228' title='bbox 924 2814 1048 2888; x_wconf 79' lang='lat' dir='ltr'><strong>fuisset,</strong></span> <span class='ocrx_word' id='word_1_229' title='bbox 1091 2835 1189 2894; x_wconf 89' lang='lat' dir='ltr'><strong>quam</strong></span> <span class='ocrx_word' id='word_1_230' title='bbox 1209 2818 1279 2880; x_wconf 87' lang='lat' dir='ltr'><strong>for-</strong></span> 
     </span>
    </p>
   </div>
   <div class='ocr_carea' id='block_1_14' title="bbox 90 2897 1340 2982">
    <p class='ocr_par' dir='ltr' id='par_1_14' title="bbox 90 2897 1340 2982">
     <span class='ocr_line' id='line_1_30' title="bbox 90 2897 1340 2982; baseline 0.002 -22"><span class='ocrx_word' id='word_1_231' title='bbox 90 2920 184 2982; x_wconf 80' lang='lat' dir='ltr'><strong>mam</strong></span> <span class='ocrx_word' id='word_1_232' title='bbox 207 2919 411 2962; x_wconf 39' lang='lat' dir='ltr'><strong>versus-,non</strong></span> <span class='ocrx_word' id='word_1_233' title='bbox 432 2897 581 2961; x_wconf 86' lang='lat' dir='ltr'><strong>admittit.</strong></span> <span class='ocrx_word' id='word_1_234' title='bbox 626 2897 696 2958; x_wconf 91' lang='lat' dir='ltr'><strong>Hac</strong></span> <span class='ocrx_word' id='word_1_235' title='bbox 725 2899 794 2978; x_wconf 89' lang='lat' dir='ltr'><strong>ipsa</strong></span> <span class='ocrx_word' id='word_1_236' title='bbox 823 2910 936 2959; x_wconf 86' lang='lat' dir='ltr'><strong>tamen</strong></span> <span class='ocrx_word' id='word_1_237' title='bbox 962 2899 1195 2962; x_wconf 87' lang='lat' dir='ltr'><strong>emendatione</strong></span> <span class='ocrx_word' id='word_1_238' title='bbox 1224 2903 1281 2963; x_wconf 83' lang='lat' dir='ltr'><strong>vel·</strong></span> <span class='ocrx_word' id='word_1_239' title='bbox 1338 2903 1340 2910; x_wconf 87' lang='grc'><strong>’</strong></span> 
     </span>
    </p>
   </div>
   <div class='ocr_carea' id='block_1_15' title="bbox 90 2977 1280 3154">
    <p class='ocr_par' dir='ltr' id='par_1_15' title="bbox 90 2977 1280 3154">
     <span class='ocr_line' id='line_1_31' title="bbox 90 2977 1280 3066; baseline 0.002 -20"><span class='ocrx_word' id='word_1_240' title='bbox 90 2986 200 3066; x_wconf 87' lang='lat' dir='ltr'><strong>potius</strong></span> <span class='ocrx_word' id='word_1_241' title='bbox 223 2981 408 3066; x_wconf 85' lang='lat' dir='ltr'><strong>corruptela</strong></span> <span class='ocrx_word' id='word_1_242' title='bbox 428 2985 534 3046; x_wconf 82' lang='lat' dir='ltr'><strong>fretus</strong></span> <span class='ocrx_word' id='word_1_243' title='bbox 549 2983 744 3046; x_wconf 85' lang='lat' dir='ltr'><strong>Callimachi</strong></span> <span class='ocrx_word' id='word_1_244' title='bbox 766 2983 1001 3064; x_wconf 86' lang='lat' dir='ltr'><strong>Cyrenaei,</strong></span> <span class='ocrx_word' id='word_1_245' title='bbox 1024 3005 1094 3046; x_wconf 89' lang='lat' dir='ltr'><strong>non</strong></span> <span class='ocrx_word' id='word_1_246' title='bbox 1110 2977 1280 3049; x_wconf 79' lang='lat' dir='ltr'><strong>Theocriti</strong></span> 
     </span>
     <span class='ocr_line' id='line_1_32' title="bbox 91 3067 1278 3154; baseline 0.003 -24"><span class='ocrx_word' id='word_1_247' title='bbox 91 3091 161 3138; x_wconf 85' lang='lat' dir='ltr'><strong>esse</strong></span> <span class='ocrx_word' id='word_1_248' title='bbox 191 3090 325 3154; x_wconf 81' lang='lat' dir='ltr'><strong>carmen</strong></span> <span class='ocrx_word' id='word_1_249' title='bbox 355 3070 531 3152; x_wconf 85' lang='lat' dir='ltr'><strong>suspicatus</strong></span> <span class='ocrx_word' id='word_1_250' title='bbox 563 3083 619 3132; x_wconf 88' lang='lat' dir='ltr'><strong>est.</strong></span> <span class='ocrx_word' id='word_1_251' title='bbox 664 3069 729 3130; x_wconf 91' lang='lat' dir='ltr'><strong>Sed</strong></span> <span class='ocrx_word' id='word_1_252' title='bbox 758 3067 946 3146; x_wconf 84' lang='lat' dir='ltr'><strong>hujusmodi</strong></span> <span class='ocrx_word' id='word_1_253' title='bbox 976 3073 1069 3152; x_wconf 83' lang='lat' dir='ltr'><strong>nugis</strong></span> <span class='ocrx_word' id='word_1_254' title='bbox 1085 3070 1278 3136; x_wconf 82' lang='lat' dir='ltr'><strong>refutandis</strong></span> 
     </span>
    </p>
   </div>
   <div class='ocr_carea' id='block_1_16' title="bbox 78 3153 1331 3240">
    <p class='ocr_par' dir='ltr' id='par_1_16' title="bbox 78 3153 1331 3240">
     <span class='ocr_line' id='line_1_33' title="bbox 78 3153 1331 3240; baseline 0.002 -26"><span class='ocrx_word' id='word_1_255' title='bbox 78 3165 223 3236; x_wconf 34' lang='lat' dir='ltr'><strong>„tempus</strong></span> <span class='ocrx_word' id='word_1_256' title='bbox 245 3168 359 3226; x_wconf 74' lang='lat' dir='ltr'><strong>,terere</strong></span> <span class='ocrx_word' id='word_1_257' title='bbox 386 3173 456 3218; x_wconf 86' lang='lat' dir='ltr'><strong>non</strong></span> <span class='ocrx_word' id='word_1_258' title='bbox 478 3155 580 3220; x_wconf 89' lang='lat' dir='ltr'><strong>lubet.</strong></span> <span class='ocrx_word' id='word_1_259' title='bbox 623 3153 849 3220; x_wconf 82' lang='lat' dir='ltr'><strong>Ahlwardtius</strong></span> <span class='ocrx_word' id='word_1_260' title='bbox 869 3155 988 3222; x_wconf 83' lang='lat' dir='ltr'><strong>itidem</strong></span> <span class='ocrx_word' id='word_1_261' title='bbox 1010 3156 1184 3220; x_wconf 87' lang='lat' dir='ltr'><strong>blanditias</strong></span> <span class='ocrx_word' id='word_1_262' title='bbox 1203 3179 1280 3240; x_wconf 66' lang='lat' dir='ltr'><strong>per«</strong></span> <span class='ocrx_word' id='word_1_263' title='bbox 1327 3211 1331 3216; x_wconf 91' lang='lat'><strong>.</strong></span> 
     </span>
    </p>
   </div>
   <div class='ocr_carea' id='block_1_17' title="bbox 18 3239 1282 4009">
    <p class='ocr_par' dir='ltr' id='par_1_17' title="bbox 18 3239 1282 4009">
     <span class='ocr_line' id='line_1_34' title="bbox 93 3239 1280 3323; baseline 0.003 -21"><span class='ocrx_word' id='word_1_264' title='bbox 93 3242 235 3323; x_wconf 83' lang='lat' dir='ltr'><strong>stringit,</strong></span> <span class='ocrx_word' id='word_1_265' title='bbox 260 3261 335 3321; x_wconf 83' lang='lat' dir='ltr'><strong>quas</strong></span> <span class='ocrx_word' id='word_1_266' title='bbox 357 3243 524 3302; x_wconf 87' lang='lat' dir='ltr'><strong>contineat</strong></span> <span class='ocrx_word' id='word_1_267' title='bbox 544 3239 687 3322; x_wconf 90' lang='lat' dir='ltr'><strong>hymnus</strong></span> <span class='ocrx_word' id='word_1_268' title='bbox 702 3253 830 3316; x_wconf 76' lang='lat' dir='ltr'><strong>noster,</strong></span> <span class='ocrx_word' id='word_1_269' title='bbox 846 3261 870 3302; x_wconf 82' lang='lat' dir='ltr'><strong>a·</strong></span> <span class='ocrx_word' id='word_1_270' title='bbox 884 3243 1000 3322; x_wconf 89' lang='lat' dir='ltr'><strong>quibus</strong></span> <span class='ocrx_word' id='word_1_271' title='bbox 1017 3241 1164 3304; x_wconf 87' lang='lat' dir='ltr'><strong>alienum</strong></span> <span class='ocrx_word' id='word_1_272' title='bbox 1181 3245 1280 3306; x_wconf 84' lang='lat' dir='ltr'><strong>fuisse</strong></span> 
     </span>
     <span class='ocr_line' id='line_1_35' title="bbox 94 3323 1280 3408; baseline 0.006 -22"><span class='ocrx_word' id='word_1_273' title='bbox 94 3323 311 3387; x_wconf 88' lang='lat' dir='ltr'><strong>Theocritum</strong></span> <span class='ocrx_word' id='word_1_274' title='bbox 332 3327 394 3387; x_wconf 87' lang='lat' dir='ltr'><strong>sihi</strong></span> <span class='ocrx_word' id='word_1_275' title='bbox 414 3329 580 3408; x_wconf 86' lang='lat' dir='ltr'><strong>persuasit.</strong></span> <span class='ocrx_word' id='word_1_276' title='bbox 602 3366 604 3370; x_wconf 92' lang='lat'><em>-</em></span> <span class='ocrx_word' id='word_1_277' title='bbox 624 3327 819 3390; x_wconf 85' lang='lat' dir='ltr'><strong>Callimachi</strong></span> <span class='ocrx_word' id='word_1_278' title='bbox 847 3329 953 3407; x_wconf 85' lang='lat' dir='ltr'><strong>potius</strong></span> <span class='ocrx_word' id='word_1_279' title='bbox 982 3326 1114 3408; x_wconf 87' lang='lat' dir='ltr'><strong>hymnis</strong></span> <span class='ocrx_word' id='word_1_280' title='bbox 1143 3330 1216 3392; x_wconf 85' lang='lat' dir='ltr'><strong>stilo</strong></span> <span class='ocrx_word' id='word_1_281' title='bbox 1247 3343 1280 3392; x_wconf 86' lang='lat' dir='ltr'><strong>et</strong></span> 
     </span>
     <span class='ocr_line' id='line_1_36' title="bbox 91 3411 1281 3490; baseline 0.005 -18"><span class='ocrx_word' id='word_1_282' title='bbox 91 3411 290 3486; x_wconf 81' lang='lat' dir='ltr'><strong>tractatione</strong></span> <span class='ocrx_word' id='word_1_283' title='bbox 313 3411 519 3474; x_wconf 86' lang='lat' dir='ltr'><strong>simillimum</strong></span> <span class='ocrx_word' id='word_1_284' title='bbox 539 3433 607 3474; x_wconf 86' lang='lat' dir='ltr'><strong>esse</strong></span> <span class='ocrx_word' id='word_1_285' title='bbox 627 3413 716 3474; x_wconf 91' lang='lat' dir='ltr'><strong>hunc</strong></span> <span class='ocrx_word' id='word_1_286' title='bbox 737 3425 895 3476; x_wconf 86' lang='lat' dir='ltr'><strong>nostrum.</strong></span> <span class='ocrx_word' id='word_1_287' title='bbox 940 3415 983 3472; x_wconf 92' lang='lat' dir='ltr'><strong>At</strong></span> <span class='ocrx_word' id='word_1_288' title='bbox 1005 3411 1151 3490; x_wconf 86' lang='lat' dir='ltr'><strong>ejusdem</strong></span> <span class='ocrx_word' id='word_1_289' title='bbox 1171 3417 1281 3482; x_wconf 82' lang='lat' dir='ltr'><strong>Ptole-</strong></span> 
     </span>
     <span class='ocr_line' id='line_1_37' title="bbox 18 3495 1280 3578; baseline 0.006 -21"><span class='ocrx_word' id='word_1_290' title='bbox 18 3515 20 3520; x_wconf 86' lang='lat'>·</span> <span class='ocrx_word' id='word_1_291' title='bbox 93 3499 194 3573; x_wconf 88' lang='lat' dir='ltr'><strong>maei,</strong></span> <span class='ocrx_word' id='word_1_292' title='bbox 219 3495 308 3572; x_wconf 89' lang='lat' dir='ltr'><strong>cujus</strong></span> <span class='ocrx_word' id='word_1_293' title='bbox 329 3499 474 3560; x_wconf 85' lang='lat' dir='ltr'><strong>facinora</strong></span> <span class='ocrx_word' id='word_1_294' title='bbox 494 3499 708 3560; x_wconf 86' lang='lat' dir='ltr'><strong>vehementer</strong></span> <span class='ocrx_word' id='word_1_295' title='bbox 729 3499 870 3578; x_wconf 85' lang='lat' dir='ltr'><strong>exagitat</strong></span> <span class='ocrx_word' id='word_1_296' title='bbox 885 3497 1114 3578; x_wconf 83' lang='lat' dir='ltr'><strong>Ahlwardtius,</strong></span> <span class='ocrx_word' id='word_1_297' title='bbox 1135 3503 1280 3566; x_wconf 86' lang='lat' dir='ltr'><strong>laudatio</strong></span> 
     </span>
     <span class='ocr_line' id='line_1_38' title="bbox 97 3581 1281 3666; baseline 0.008 -24"><span class='ocrx_word' id='word_1_298' title='bbox 97 3581 225 3664; x_wconf 78' lang='lat' dir='ltr'><strong>egregia</strong></span> <span class='ocrx_word' id='word_1_299' title='bbox 246 3583 332 3642; x_wconf 87' lang='lat' dir='ltr'><strong>inest</strong></span> <span class='ocrx_word' id='word_1_300' title='bbox 351 3585 387 3644; x_wconf 90' lang='lat' dir='ltr'><strong>in</strong></span> <span class='ocrx_word' id='word_1_301' title='bbox 409 3583 524 3666; x_wconf 89' lang='lat' dir='ltr'><strong>idyllio</strong></span> <span class='ocrx_word' id='word_1_302' title='bbox 542 3585 633 3664; x_wconf 74' lang='lat' dir='ltr'><strong>XIV,</strong></span> <span class='ocrx_word' id='word_1_303' title='bbox 670 3584 758 3646; x_wconf 88' lang='lat' dir='ltr'><strong>haud</strong></span> <span class='ocrx_word' id='word_1_304' title='bbox 789 3583 888 3643; x_wconf 88' lang='lat' dir='ltr'><strong>dubie</strong></span> <span class='ocrx_word' id='word_1_305' title='bbox 917 3585 1061 3664; x_wconf 84' lang='lat' dir='ltr'><strong>genuino</strong></span> <span class='ocrx_word' id='word_1_306' title='bbox 1082 3589 1138 3663; x_wconf 73' lang='lat'><strong>&#39;¹);</strong></span> <span class='ocrx_word' id='word_1_307' title='bbox 1184 3602 1216 3651; x_wconf 91' lang='lat' dir='ltr'><strong>et</strong></span> <span class='ocrx_word' id='word_1_308' title='bbox 1244 3591 1281 3652; x_wconf 86' lang='lat' dir='ltr'><strong>in</strong></span> 
     </span>
     <span class='ocr_line' id='line_1_39' title="bbox 96 3665 1281 3752; baseline 0.008 -26"><span class='ocrx_word' id='word_1_309' title='bbox 96 3665 142 3732; x_wconf 91' lang='lat' dir='ltr'><strong>id.</strong></span> <span class='ocrx_word' id='word_1_310' title='bbox 163 3667 222 3728; x_wconf 87' lang='lat' dir='ltr'><strong>XV</strong></span> <span class='ocrx_word' id='word_1_311' title='bbox 246 3669 364 3748; x_wconf 86' lang='lat' dir='ltr'><strong>passim</strong></span> <span class='ocrx_word' id='word_1_312' title='bbox 386 3673 541 3752; x_wconf 83' lang='lat' dir='ltr'><strong>leguntur</strong></span> <span class='ocrx_word' id='word_1_313' title='bbox 562 3670 651 3732; x_wconf 87' lang='lat' dir='ltr'><strong>illius</strong></span> <span class='ocrx_word' id='word_1_314' title='bbox 684 3683 716 3730; x_wconf 89' lang='lat' dir='ltr'><strong>et</strong></span> <span class='ocrx_word' id='word_1_315' title='bbox 738 3670 853 3730; x_wconf 87' lang='lat' dir='ltr'><strong>sororis</strong></span> <span class='ocrx_word' id='word_1_316' title='bbox 876 3670 1033 3730; x_wconf 82' lang='lat' dir='ltr'><strong>Arsinoae</strong></span> <span class='ocrx_word' id='word_1_317' title='bbox 1055 3671 1176 3737; x_wconf 87' lang='lat' dir='ltr'><strong>laudes.</strong></span> <span class='ocrx_word' id='word_1_318' title='bbox 1215 3677 1281 3742; x_wconf 83' lang='lat' dir='ltr'><strong>Aut</strong></span> 
     </span>
     <span class='ocr_line' id='line_1_40' title="bbox 96 3747 1281 3838; baseline 0.007 -26"><span class='ocrx_word' id='word_1_319' title='bbox 96 3747 197 3833; x_wconf 82' lang='lat' dir='ltr'><strong>igitur</strong></span> <span class='ocrx_word' id='word_1_320' title='bbox 216 3760 304 3829; x_wconf 82' lang='lat' dir='ltr'><strong>erat,</strong></span> <span class='ocrx_word' id='word_1_321' title='bbox 330 3755 416 3834; x_wconf 89' lang='lat' dir='ltr'><strong>quod</strong></span> <span class='ocrx_word' id='word_1_322' title='bbox 438 3757 475 3816; x_wconf 90' lang='lat' dir='ltr'><strong>in</strong></span> <span class='ocrx_word' id='word_1_323' title='bbox 496 3757 556 3818; x_wconf 91' lang='lat' dir='ltr'><strong>illo</strong></span> <span class='ocrx_word' id='word_1_324' title='bbox 580 3758 729 3838; x_wconf 89' lang='lat' dir='ltr'><strong>principe</strong></span> <span class='ocrx_word' id='word_1_325' title='bbox 751 3756 823 3833; x_wconf 85' lang='lat' dir='ltr'><strong>jure</strong></span> <span class='ocrx_word' id='word_1_326' title='bbox 844 3754 1045 3832; x_wconf 84' lang='lat' dir='ltr'><strong>laudaretur,</strong></span> <span class='ocrx_word' id='word_1_327' title='bbox 1069 3751 1135 3818; x_wconf 73' lang='lat' dir='ltr'><strong>aut&#39;</strong></span> <span class='ocrx_word' id='word_1_328' title='bbox 1185 3759 1281 3820; x_wconf 87' lang='lat' dir='ltr'><strong>blan·</strong></span> 
     </span>
     <span class='ocr_line' id='line_1_41' title="bbox 95 3836 1282 3923; baseline 0.008 -25"><span class='ocrx_word' id='word_1_329' title='bbox 95 3836 185 3898; x_wconf 87' lang='lat' dir='ltr'><strong>ditiis</strong></span> <span class='ocrx_word' id='word_1_330' title='bbox 206 3858 275 3906; x_wconf 57' lang='lat' dir='ltr'><strong>non.</strong></span> <span class='ocrx_word' id='word_1_331' title='bbox 294 3840 492 3904; x_wconf 82' lang='lat' dir='ltr'><strong>abhorrebat</strong></span> <span class='ocrx_word' id='word_1_332' title='bbox 513 3841 717 3904; x_wconf 86' lang='lat' dir='ltr'><strong>Theocritus.</strong></span> <span class='ocrx_word' id='word_1_333' title='bbox 761 3839 914 3918; x_wconf 80' lang='lat' dir='ltr'><strong>Accedit,</strong></span> <span class='ocrx_word' id='word_1_334' title='bbox 953 3843 1039 3923; x_wconf 79' lang='lat' dir='ltr'><strong>quod</strong></span> <span class='ocrx_word' id='word_1_335' title='bbox 1067 3843 1139 3904; x_wconf 91' lang='lat' dir='ltr'><strong>The</strong></span> <span class='ocrx_word' id='word_1_336' title='bbox 1181 3847 1282 3906; x_wconf 88' lang='lat' dir='ltr'><strong>ritum</strong></span> 
     </span>
     <span class='ocr_line' id='line_1_42' title="bbox 94 3923 1282 4009; baseline 0.007 -23"><span class='ocrx_word' id='word_1_337' title='bbox 94 3923 274 3992; x_wconf 82' lang='lat' dir='ltr'><strong>verisimile</strong></span> <span class='ocrx_word' id='word_1_338' title='bbox 297 3942 345 3992; x_wconf 89' lang='lat' dir='ltr'><strong>est</strong></span> <span class='ocrx_word' id='word_1_339' title='bbox 366 3949 404 3992; x_wconf 87' lang='lat' dir='ltr'><strong>ea</strong></span> <span class='ocrx_word' id='word_1_340' title='bbox 422 3928 521 3990; x_wconf 84' lang='lat' dir='ltr'><strong>fuisse</strong></span> <span class='ocrx_word' id='word_1_341' title='bbox 538 3926 736 4004; x_wconf 85' lang='lat' dir='ltr'><strong>conditione,</strong></span> <span class='ocrx_word' id='word_1_342' title='bbox 760 3944 844 4008; x_wconf 86' lang='lat' dir='ltr'><strong>quae</strong></span> <span class='ocrx_word' id='word_1_343' title='bbox 864 3928 1022 4009; x_wconf 85' lang='lat' dir='ltr'><strong>penuriae</strong></span> <span class='ocrx_word' id='word_1_344' title='bbox 1043 3925 1156 3992; x_wconf 77' lang='lat' dir='ltr'><strong>necess</strong></span> <span class='ocrx_word' id='word_1_345' title='bbox 1168 3930 1282 3994; x_wconf 81' lang='lat' dir='ltr'><strong>tudine</strong></span> 
     </span>
    </p>
   </div>
   <div class='ocr_carea' id='block_1_18' title="bbox 91 4083 296 4104">
    <p class='ocr_par' dir='ltr' id='par_1_18' title="bbox 91 4083 296 4104">
     <span class='ocr_line' id='line_1_43' title="bbox 91 4083 296 4104; baseline 0.015 -4"><span class='ocrx_word' id='word_1_346' title='bbox 91 4083 296 4104; x_wconf 56' lang='lat' dir='ltr'><strong>m</strong></span> 
     </span>
    </p>
   </div>
   <div class='ocr_carea' id='block_1_19' title="bbox 165 4129 1241 4329">
    <p class='ocr_par' dir='ltr' id='par_1_19' title="bbox 165 4129 1241 4329">
     <span class='ocr_line' id='line_1_44' title="bbox 165 4129 1241 4329; baseline 0.008 -97"><span class='ocrx_word' id='word_1_347' title='bbox 165 4183 194 4246; x_wconf 84' lang='lat' dir='ltr'><strong>r)</strong></span> <span class='ocrx_word' id='word_1_348' title='bbox 232 4175 317 4241; x_wconf 88' lang='lat' dir='ltr'><strong>Coul&#39;.</strong></span> <span class='ocrx_word' id='word_1_349' title='bbox 338 4177 373 4236; x_wconf 88' lang='lat' dir='ltr'><strong>de</strong></span> <span class='ocrx_word' id='word_1_350' title='bbox 392 4177 533 4267; x_wconf 81' lang='lat' dir='ltr'><strong>hocloco</strong></span> <span class='ocrx_word' id='word_1_351' title='bbox 552 4129 714 4254; x_wconf 74' lang='lat' dir='ltr'><strong>Sphhnium</strong></span> <span class='ocrx_word' id='word_1_352' title='bbox 732 4179 765 4236; x_wconf 90' lang='lat' dir='ltr'><strong>iu</strong></span> <span class='ocrx_word' id='word_1_353' title='bbox 785 4177 877 4268; x_wconf 58' lang='lat' dir='ltr'><strong>hatest.</strong></span> <span class='ocrx_word' id='word_1_354' title='bbox 895 4178 1018 4329; x_wconf 53' lang='lat' dir='ltr'><strong>Tpcocr.</strong></span> <span class='ocrx_word' id='word_1_355' title='bbox 1037 4159 1109 4253; x_wconf 61' lang='lat' dir='ltr'><strong>Lsp.</strong></span> <span class='ocrx_word' id='word_1_356' title='bbox 1127 4186 1154 4251; x_wconf 82' lang='grc'><strong>4.</strong></span> <span class='ocrx_word' id='word_1_357' title='bbox 1172 4191 1198 4246; x_wconf 86' lang='grc'><strong>5.</strong></span> <span class='ocrx_word' id='word_1_358' title='bbox 1235 4234 1241 4250; x_wconf 86' lang='grc'>,</span> 
     </span>
    </p>
   </div>
   <div class='ocr_carea' id='block_1_20' title="bbox 0 0 1435 4590">
    <p class='ocr_par' dir='ltr' id='par_1_20' title="bbox 0 0 1435 4590">
     <span class='ocr_line' id='line_1_45' title="bbox 0 0 1435 4590; baseline 0 0"><span class='ocrx_word' id='word_1_359' title='bbox 0 0 1435 4590; x_wconf 95' lang='lat' dir='ltr'><strong> </strong></span> 
     </span>
    </p>
   </div>
   <div class='ocr_carea' id='block_1_21' title="bbox 1316 4431 1400 4538">
    <p class='ocr_par' dir='ltr' id='par_1_21' title="bbox 1316 4431 1400 4538">
     <span class='ocr_line' id='line_1_46' title="bbox 1316 4431 1400 4538; baseline 0 0"><span class='ocrx_word' id='word_1_360' title='bbox 1316 4431 1400 4538; x_wconf 50' lang='grc' dir='ltr'><strong><em>Δ</em></strong></span> 
     </span>
    </p>
   </div>
  </div>
 </body>
</html>
