2838 4590
659 309 689 344 ·:
746 253 801 318 20
871 295 874 302 ι

670 345 881 392 Μ.
921 363 927 390 s

181 484 215 556 οι
229 507 324 550 verm
340 485 466 564 patrias
476 502 565 548 emor
582 476 792 563 elangubset,
805 477 919 563 poesis
935 475 1215 547 craecorumcaa
1224 475 1365 564 reliquis

182 555 285 633 literis
302 561 484 632 enitescere
504 567 614 652 coepit
631 579 664 627 et
680 564 867 654 extenuari,
899 564 1022 651 quippe
1041 564 1190 655 praecisis
1206 564 1362 656 fontibus,

181 656 269 730 unde
298 656 481 731 felicissima
510 673 546 715 ce
573 665 640 714 erat
663 651 869 713 incrementa.
926 651 1067 714 Formae
1094 661 1218 710 tantum
1248 664 1359 734 poetae

180 737 301 812 'exinde
319 763 448 828 operam
466 675 639 812 navabant,
668 756 774 820 neque
798 747 944 798 ornatum
968 757 1040 798 eum
1067 733 1279 822 appetebant,
1309 736 1358 817 qui
1388 801 1389 814 χ

181 839 216 887 ‘ar
260 839 399 888 mentum
418 844 513 910 grave
533 823 673 897 deceret,
703 819 760 882 sed
786 819 978 905 posthabitis
1005 819 1102 880 rebus
1130 833 1162 880 et
1186 820 1352 881 sententiis

182 847 312 979 delibias
337 913 537 984 sectabantur
564 919 597 969 et
624 909 657 966 in
683 925 783 1003 nugas
810 899 1048 969 ddabebanran
1084 905 1268 966 Doctrinae
1283 903 1347 964 nul·

180 996 303 1084 tiplicis
329 995 425 1057 la'ude
446 1008 478 1057 et
495 991 652 1054 imitandi
678 989 812 1050 artificio
843 1011 937 1072 quam
961 990 1081 1074 ingenii
1101 987 1303 1052 fecunditate
1325 1003 1352 1049 et

180 1081 377 1143 inventionis
396 1079 595 1166 proprietate
606 1075 818 1136 'inclarescere
834 1075 1002 1136 malebant.
1045 1073 1256 1152 Accedebat,
1275 1072 1356 1156 quod

179 1167 250 1228 aliis
266 1165 449 1228 hominibus
470 1164 605 1224 carmina
625 1183 681 1220 sua
704 1159 883 1220 scribebant
902 1173 933 1220 et
947 1160 1076 1246 probari
1092 1157 1247 1222 volebant
1274 1159 1355 1220 illius

180 1237 251 1311 aeni
272 1265 410 1336 poetae,
443 1247 633 1308 Ptolemaeis
657 1245 757 1318 dico,¹
781 1245 937 1328 aulaeque
955 1245 1079 1330 regiae,
1117 1242 1190 1304 urbi
1209 1243 1354 1330 denique,

180 1355 275 1422 quarn
293 1333 450 1395 incoleret
465 1324 552 1393 orbis
569 1331 711 1392 unis-ersi
729 1329 895 1392 colluvies.

263 1431 310 1488 Ea
343 1438 411 1486 erat
437 1423 602 1504 literarum
630 1423 819 1486 Graecarum
846 1413 946 1500 ratio,
988 1445 1086 1507 quum
1103 1423 1298 1490 Theocritus
1318 1423 1357 1487 ad

178 1514 316 1574 carmina
331 1507 503 1596 pangenda
518 1529 551 1568 se
570 1499 759 1592 accingeret,
783 1530 877 1591 quem
902 1509 937 1569 in
948 1507 1175 1572 Alexandrinis
1191 1517 1354 1574 numerare

175 1600 296 1668 liceret,
322 1595 444 1656 etiamsi
455 1593 681 1654 Alexandriam
692 1617 757 1655 uon
767 1591 901 1655 vidisset
912 1593 955 1669 ¹).
972 1593 1024 1655 Ad
1032 1593 1173 1656 virorum
1186 1597 1284 1672 enim,
1303 1597 1355 1682 qui

175 1686 211 1742 in
236 1703 271 1741 ea
299 1681 377 1740 urbe
407 1685 543 1764 poeseos
570 1693 602 1740 et
629 1675 818 1741 eruditionis
846 1677 940 1740 laude
969 1679 1142 1752 florebant,
1175 1680 1307 1744 modum
1326 1696 1354 1744 et

126 1831 129 1838 ,
176 1766 362 1852 exemplum
379 1787 413 1826 se
433 1765 683 1849 componebant,
719 1766 902 1849 quicunque
919 1764 953 1824 in
977 1763 1088 1825 eodem
1107 1763 1287 1826 studiorum
1305 1789 1353 1852 ge·
1388 1791 1389 1846 p

174 1845 251 1912 'nere
269 1849 483 1911 elaborabant.
528 1849 616 1932 Quid
637 1850 733 1931 igitur
753 1850 877 1923 mirum,
900 1849 943 1920 si,
968 1871 1049 1932 quae
1064 1848 1352 1932 Alexandrinorum
1388 1849 1389 1920 l

173 1919 305 2024 propria
321 1934 504 2009 videntur,
526 1955 563 1996 ca
582 1935 677 1994 etiem
698 1935 733 1992 in
748 1934 856 1994 Siculo
882 1949 991 1996 nostro
1012 1933 1304 2018 deprehendimus?
1322 1936 1353 2014 ²)
1388 1987 1389 1990 η

175 2021 273 2106 Quod
287 2035 372 2082 certe
393 2022 426 2080 in
446 2033 495 2080 tot
511 2017 678 2100 generibus
696 2018 879 2090 elaboravit,
903 2017 986 2080 illud
1003 2019 1037 2078 in
1054 2019 1219 2103 plerisque
1237 2023 1353 2083 saeculi

172 2104 261 2167 illius
278 2107 384 2190 poetis
396 2102 605 2165 animadverti
618 2101 696 2162 licet
712 2115 744 2162 et
759 2115 890 2162 naturae
907 2097 1090 2187 rationique
1106 2127 1251 2191 poeseos,
1277 2117 1352 2190 qua·
1388 2161 1389 2174 ,

165 2185 237 2252 ‘lem
252 2204 319 2250 tum
335 2189 508 2248 obtinuisse
524 2183 683 2260 vidimus,
714 2200 959 2250 consentaneum
975 2201 1032 2252 est.

178 2283 181 2290 “
253 2275 377 2338 ,Verum
394 2273 428 2330 in
444 2270 504 2331 hac
528 2291 664 2355 poeseos
683 2271 776 2332 ruina
793 2268 983 2334 Theocritus
1004 2296 1124 2336 novum
1146 2293 1238 2357 genus
1255 2273 1349 2334 inve·

172 2357 243 2432 nit,
276 2356 363 2442 quod
386 2377 404 2416 a
427 2356 495 2416 vita
521 2357 682 2423 communi
703 2378 768 2428 non
785 2356 882 2441 plane
905 2358 1043 2420 alienum
1065 2373 1161 2429 esset,
1192 2354 1344 2438 quodque

144 2469 147 2475 ·
171 2445 293 2507 animos
303 2442 487 2504 deliciarum
503 2438 610 2502 taedio
621 2441 688 2502 fere
700 2455 810 2526 captos
821 2442 945 2504 saniore
957 2443 1165 2530 oblectatione
1173 2453 1341 2500 recrearet·

175 2528 177 2536 ⁴
257 2528 405 2591 Carmina
422 2527 516 2600 enim,
542 2547 623 2610 quae
643 2527 742 2587 Siculi
758 2539 912 2612 pastores,
936 2542 968 2589 et
980 2550 1037 2590 suo
1053 2528 1188 2615 ipsorum
1199 2526 1344 2610 iugenio,

172 2620 205 2674 et
228 2615 310 2674 coeli
338 2613 451 2673 natura
470 2613 621 2695 vitaeque
641 2633 757 2696 genere
786 2613 913 2674 invitati
929 2635 970 2674 err
991 2627 1134 2700 tempore
1157 2609 1346 2687 fundebant,

165 2689 363 2780 ⁴'Theocritus
387 2698 505 2757 imitari
534 2711 566 2757 et
591 2698 802 2759 sevcrioribus
819 2697 942 2780 legibus
961 2696 1156 2782 adstringere
1176 2698 1284 2782 coepit
1303 2690 1371 2774 3).·

127 2839 130 2846 ,
170 2781 438 2840 Possis'enimilla
456 2782 634 2866 pastoritia,
655 2803 749 2864 quam
758 2796 920 2866 spreverat
930 2784 1062 2845 Graecia
1071 2786 1224 2846 bonarum
1236 2788 1348 2846 artium

168 2861 342 2950 'splendore
362 2865 454 2935 clara,
488 2863 583 2924 relus
602 2879 679 2942 tuac
696 2867 730 2926 in
751 2861 890 2928 deterias
904 2865 1065 2954 prolapsis
1083 2871 1258 2931 multorum
1275 2894 1346 2934 ocu·

168 2949 218 3012 los
232 2953 294 3030 jam
311 2949 346 3007 in
364 2969 397 3008 se
414 2948 635 3020 convertebat,
661 2961 694 3011 et
708 2951 834 3013 nativus
852 2951 1121 3036 ejusvividusque
1138 2955 1228 3017 color
1245 2956 1347 3028 inille

169 3031 203 3100 et
222 3031 544 3119 rerumpublicarum
561 3045 594 3093 et
613 3054 688 3095 vero
706 3036 869 3097 literarum
888 3030 978 3099 clade
995 3039 1127 3100 mirifice
1146 3027 1347 3126 splenduisse

230 3259 265 3332 p)
298 3249 367 3310 Non
381 3243 463 3338 'bigis
478 3243 692 3334 Reinlroldum,
724 3271 862 3332 qnantum
876 3255 1045 3338 adjumenti
1068 3245 1210 3316 accederet
1232 3263 1348 3337 pericli·

156 3321 292 3402 ‘tentibus
309 3323 458 3405 Tlreocrsti
474 3323 666 3405 carminibus,
696 3325 730 3405 si*
744 3324 944 3380 Alexandrinis
968 3327 1019 3382 ille
1043 3345 1250 3398 accenseretur,
1277 3341 1349 3408 qus·

166 3389 1349 3543 stilletisdssaltesslt‘ttllttillet·{lisnl‘lltlt{illl

166 3543 287 3598 sumque
305 3545 416 3580 morum
436 3541 551 3601 puroet
568 3529 734 3603 incorrupto
759 3529 915 3585 hausisse“
951 3553 1010 3587 uon
1038 3531 1155 3608 quidem
1188 3539 1350 3604 „omnia“

165 3591 257 3662 inulta
268 3607 378 3670 stamen,
397 3615 487 3668 neque
500 3616 569 3654 vero
585 3597 631 3652 sui
649 3599 712 3652 aevi
749 3615 843 3653 rorsus
861 3599 1030 3656 dissimilem
1045 3621 1117 3668 esse.

235 3667 264 3728 2)
282 3660 327 3719 cf.
346 3660 428 3716 Schle
449 3663 484 3720 el.
503 3673 505 3677 '
521 3666 640 3730 Studien
663 3665 694 3721 d.
709 3617 794 3721 class.
819 3665 996 3729 Alterth.11.
1033 3688 1064 3742 p.
1081 3679 1128 3734 σο.
1161 3671 1269 3728 Matres·
1297 3693 1347 3732 sur

165 3728 266 3785 l'ecole
285 3727 420 3783 d'Alexan
441 3732 482 3786 rie
496 3735 519 3788 1.
537 3740 621 3807 p185.
636 3735 672 3793 11.
695 3740 735 3804 14.
754 3753 795 3807 sq.
821 3737 922 3810 llsyne
939 3737 974 3790 de
985 3737 1078 3813 ,genio
1096 3738 1213 3810 Sdefflll.
1224 3741 1348 3807 Ptolem.

166 3800 199 3854 ia
217 3797 499 3872 OpuscsAcadcmsI.
537 3842 543 3856 .
560 3809 606 3880 ,8¹⁹
625 3821 636 3855 s
658 3796 1141 3884 q.·Nach51sgezusnlzervol.r
1161 3811 1346 3886 p.326.seqq.

234 3875 264 3934 5)
298 3868 437 3921 Accusata
453 3883 488 3930 ,et
512 3819 618 3924 lirsrore
639 3821 728 3942 laqus
752 3889 795 3926 rer
817 3870 1006 3946 explicatione
1026 3889 1091 3946 post
1114 3865 1259 3932 Nscltium
1292 3881 1346 3948 (in

146 3920 441 4057 'prolusione-supra
465 3932 595 4008 laudata)
618 3937 794 4010 supersedere
817 3959 977 4014 possumus,
993 3942 1168 4020 „Daphnine
1192 3947 1347 4015 Diomum,

186 4001 459 4075 tesichorum,„qnos
477 4015 523 4078 tan
546 4025 608 4060 sam
627 4008 760 4068 carminis
776 4008 903 4072 bucolici
917 4009 1215 4088 'inventores'laudaat
1230 4013 1347 4092 Diodo-

525 4077 529 4082 .
548 4075 558 4083 ι.

164 4089 212 4125 ras
228 4071 287 4128 sie.
305 4071 464 4128 Athenaeus
481 4075 523 4128 et*
551 4071 765 4143 eliairrs‘s',¹ni'lril
779 4094 889 4140 moror.
