2838 4590
94 457 202 522 red''
180 479 234 534 ns,
260 469 342 542 quae
363 457 462 520 modo
482 461 645 539 proposui,
666 451 834 554 permotus
855 440 990 545 pergam
1013 462 1216 542 Syracusano
1237 441 1318 522 no

101 558 167 606 stro
189 546 370 606 inscribere
392 545 455 606 hoc
477 544 643 626 idyllium,
668 566 736 607 non
741 547 945 646 perlectum
966 547 1107 643 quidem
1134 559 1167 607 et
1188 548 1297 608 omni-

100 632 161 690 bus
183 631 330 690 numeris
353 632 555 706 absolutum,
594 631 690 711 quale
716 631 831 695 Clodio
863 633 969 697 visum
991 646 1038 692 est
1063 630 1114 711 ¹),
1155 631 1213 693 sed
1236 651 1298 697 nec

100 716 201 836 plane
224 715 449 792 damnandum
473 728 506 776 et
531 717 766 804 spernendum.

186 801 257 864 Jam
282 821 386 861 unum
408 814 553 881 superest
574 795 746 878 idylliu'm,
786 802 873 884 quod
905 812 939 862 et
969 801 1042 862 aliis
1073 802 1114 864 de
1137 803 1240 865 causis
1263 802 1297 863 'et

101 889 178 967 qula
199 885 352 966 indignus
374 887 414 946 sit
434 887 568 967 ingenio
585 885 754 949 Theocriti
775 889 871 964 fetus,
895 887 1045 956 damnari
1066 886 1180 962 soleat,
1203 887 1296 950 XXV
1374 900 1378 912 ¹

101 973 196 1045 dico;
239 971 295 1033 sed
315 971 411 1048 hujus
436 991 513 1034 oum
534 967 686 1032 xxlvti
698 974 843 1054 quamvis
871 971 1087 1034 laudatissimi
1110 991 1203 1034 causa
1225 984 1296 1034 tam

99 1070 191 1119 arcte
223 1069 270 1116 est
301 1057 494 1134 conjuncta,
531 1069 568 1119 ut
599 1057 640 1118 de
661 1072 801 1142 utroque
822 1059 921 1120 simul
943 1079 1033 1123 nunc
1060 1057 1252 1140 agendum
1245 1060 1293 1120 vi-

101 1143 226 1207 deatur.

168 1228 387 1290 Vicesimum
409 1239 562 1308 quartum
582 1223 759 1290 Theocrito
783 1228 981 1310 derogarunt
1003 1227 1173 1301 Reislrius,
1209 1227 1294 1288 Val-

34 1355 41 1364 ·
82 1261 273 1376 'chenerius
296 1325 329 1372 et
351 1313 479 1374 Mauso.
525 1311 567 1373 Et
585 1312 734 1378 Rei‘skius
758 1315 940 1394 quidemp.
962 1321 1023 1396 3oq
1046 1326 1114 1377 tarn
1135 1305 1198 1373 hoc
1220 1333 1293 1374 car·

99 1420 180 1460 rnen
203 1418 301 1479 quam
324 1417 463 1480 sequens
484 1397 679 1475 Heracleae,
704 1417 802 1482 quarn
824 1403 1000 1480 composuit
1015 1397 1181 1475 Pisander,
1205 1403 1293 1480 frag-

99 1497 253 1547 mentum
277 1503 344 1546 esse
367 1485 499 1556 statuit;
522 1484 756 1545 Valckenarius
779 1497 889 1546 autem
911 1497 944 1550 et
965 1485 1081 1548 Mauso
1103 1503 1180 1544 cum
1203 1495 1293 1556 utro·

101 1591 165 1654 que
189 1570 392 1650 conjungunt
408 1568 536 1629 Moschi
548 1569 728 1650 Megaram,
755 1573 845 1651 quasi
868 1572 978 1630 omnia
1003 1591 1021 1630 e
1044 1569 1191 1632 carmine
1214 1589 1292 1650 quo-

99 1657 178 1716 dam
200 1657 324 1732 majore
346 1654 519 1736 decerptas
557 1667 590 1714 et
621 1654 682 1714 ille
713 1655 849 1743 qqidern
880 1656 921 1716 ad
943 1676 1041 1738 quem
1063 1667 1232 1716 auctorem
1254 1673 1294 1714 ea

99 1741 277 1802 referende
298 1753 449 1820 putaret,
490 1759 560 1800 non
585 1739 760 1813 indicavit,
804 1741 920 1802 Manso
942 1756 1054 1802 autem
1075 1739 1211 1801 Moscho
1232 1741 1292 1799 tri-

98 1827 203 1888 buere
224 1845 290 1888 non
313 1825 482 1890 dubitavit.
526 1825 591 1885 Sed
603 1827 813 1926 Ugravissimus
835 1825 945 1907 idyllii
966 1821 1108 1901 XXIth,
1132 1827 1291 1912 Wartono

100 1916 200 1974 etiam
220 1911 360 1991 probati,
384 1911 506 1972 vindex
528 1913 652 1971 exstitit
668 1911 881 1988 Eichstadius,
905 1932 960 1994 qur
951 1912 1174 1977 Mansonem
1191 1905 1292 1971 etiam

100 2020 120 2060 a
141 1998 301 2058 sententia
322 2015 385 2057 sua
395 1997 573 2072 revocavit,
604 1997 734 2072 docens,
766 1998 947 2060 Alcmenae
969 2017 1077 2058 mores
1099 1998 1135 2056 in
1160 1996 1290 2056 Moschi
1370 2061 1373 2064 ,

99 2084 246 2146 carmine
269 2102 432 2162 expressos
455 2043 662 2164 aliquahtum
682 2083 860 2144 abhorrere
882 2084 968 2144 ab
945 2104 995 2161 ns,
1018 2103 1096 2164 quos
1118 2081 1290 2154 Theocriti

99 2171 270 2250 ingenium
292 2170 323 2228 ei
345 2169 518 2238 trihue1·it;
554 2187 616 2228 nec
639 2169 792 2232 Herculis
821 2171 858 2230 in
879 2181 1018 2250 utroque
1040 2169 1187 2229 carmine
1211 2186 1289 2226 ean-

100 2255 177 2315 dem
197 2255 290 2314 nobis
320 2254 471 2316 exhiberi
491 2253 758 2336 imaginem·²)5
804 2274 914 2318 errare
942 2256 1043 2336 igitur
1076 2255 1177 2314 etiam
1212 2253 1289 2317 Val-

97 2341 302 2416 cheneriurn,
332 2341 357 2398 si
384 2339 425 2400 ad
447 2338 590 2398 eundem
611 2340 700 2412 licet,
733 2361 751 2400 a
772 2339 909 2403 Moscho
934 2340 1098 2402 diversum
1112 2342 1290 2400 'auctorem

98 2428 209 2488 omnia
242 2427 392 2488 referret.
436 2423 514 2484 Non
547 2426 656 2485 minus
685 2427 831 2487 feliciter
858 2425 1060 2488 Eichstadius
1091 2425 1215 2486 Reiskii
1247 2423 1288 2483 de

95 2512 265 2588 Pisandro,
286 2511 471 2570 carminum
492 2509 613 2570 horum
634 2523 777 2587 auctore,
800 2515 997 2578 sententiam
1015 2511 1150 2578 refellit
1173 2512 1289 2572 Unum

96 2611 211 2658 tamen
233 2596 369 2670 addam,
402 2594 488 2676 quod
511 2596 615 2656 miror
637 2598 677 2658 ab
700 2597 886 2659 Eichstadio
908 2583 1175 2678 praetermissum
1198 2613 1287 2666 esse3

97 2683 226 2744 etiarnsi
248 2682 357 2752 enim,
395 2692 476 2739 teste
497 2679 730 2760 Eratosthene,
774 2683 930 2744 Pisander
958 2683 1084 2764 primus
1104 2679 1289 2754 Herculem

95 2769 199 2840 finxit,
219 2766 306 2846 pelle
326 2767 462 2826 leonina
481 2766 635 2834 indutum
658 2771 768 2850 clavaq
771 2789 811 2830 ue
833 2770 1049 2866 instructum,
1084 2778 1288 2827 nontamen

97 2855 228 2936 quaevis
250 2852 390 2912 adeum
412 2851 587 2916 referenda
609 2866 685 2913 sunt
706 2856 861 2928 carmina,
886 2875 967 2946 quae
991 2856 1027 2914 in
1048 2851 1111 2914 hoc
1133 2851 1287 2926 Herculis

97 2940 220 3000 habitu
230 2939 436 3022 conspirant,
461 2951 669 3020 quorumque
686 2953 828 3004 aetatem
843 2933 940 3024 lon'ge
957 2939 1153 3002 inferiorern
1174 2927 1288 3018 lingua

97 3026 284 3106 coarguit.

181 3111 300 3170 Denuo
321 3122 431 3172 tamen
451 3121 522 3189 post
542 3108 640 3170 illurn
664 3109 867 3175 Reinholdus
889 3109 975 3172 illud
998 3127 1142 3174 carmen
1154 3107 1285 3167 lacessi-

98 3195 156 3268 vit,
177 3213 245 3258 nou
264 3197 367 3275 gravis
389 3215 465 3256 sane
487 3194 696 3262 adversarius
741 3198 836 3294 Quae
854 3199 943 3260 enim
959 3196 1018 3256 ille
1037 3196 1078 3256 de
1095 3205 1284 3281 argumento

97 3283 205 3380 epico,
224 3299 293 3338 non
315 3281 473 3356 bucolico,
498 3282 538 3340 de
560 3281 729 3354 Homeri'
720 3284 913 3380 imitatione,
944 3282 1048 3378 deque
1071 3270 1210 3338 dialecto
1233 3279 1284 3338 Io·

95 3369 174 3430 nica
194 3365 426 3448 restituendq
415 3359 555 3443 jactavit,
577 3367 659 3428 haec
681 3369 792 3436 omnia
814 3369 870 3445 iis,
901 3387 983 3448 quae
1003 3368 1041 3426 in
1061 3361 1285 3470 superioribus

96 3451 337 3534 disputavimus,
371 3454 444 3516 satis
467 3454 633 3521 confutata
652 3454 815 3516 videntur.

182 3536 393 3622 Valckenarii
417 3550 449 3598 et
469 3537 636 3608 Mansonii
659 3540 830 3620 opiniones
852 3537 892 3604 de
916 3536 1100 3602 Heracleae
1118 3536 1285 3614 cujusdam

92 3623 298 3706 fragmentis
314 3623 418 3695 tribus
447 3624 591 3690 recoluit
610 3629 665 3692 Fr.
688 3623 891 3707 Schlegelius
915 3618 975 3716 ³,)
991 3621 1032 3684 ad
1053 3621 1215 3703 Panyasin
1246 3640 1286 3680 ea

94 3757 304 3782 *nr-¹⁸*-

164 3827 193 3888 ι)
228 3823 304 3880 Vide
322 3824 454 3883 Mauson.
472 3820 493 3883 l.
509 3773 582 3884 lin
600 3837 710 3946 ιιοιιιι

163 3895 195 3962 ιι)
230 3893 380 3971 Consentis
402 3864 587 3975 Heinrich.
577 3913 610 3948 ιιι
633 3841 715 3951 Proe
774 3830 830 3948 4acl
850 3891 975 3954 Hesiodi
999 3892 1177 3949 druuliam.
1197 3887 1285 3946 Nihil

95 3979 191 4022 statem
209 3959 345 4028 obstabat,
373 3963 530 4036 quominus
549 3962 580 4016 in
601 3962 642 4021 id.
662 3843 853 4032 ΧΧῖβιιᾏιιιιιι
872 3981 958 4036 quem
977 3963 1010 4028 in
1029 3962 1069 4022 id
1089 3961 1159 4014 Xlll
1176 3961 1284 4026 Hercu·

93 4033 131 4114 lit
148 4029 276 4084 habitum
316 4051 347 4088 ro
370 4046 467 4088 oneret
485 4029 664 4088 Theocritus.
1226 4085 1231 4093 .

163 4101 194 4168 5)
229 4049 443 4162 Gessiuoiirsd
463 4100 562 4157 Porsie
581 4099 630 4154 der
648 4099 789 4156 Gricchsn
807 4119 836 4159 ιι.
852 4103 959 4163 lidnrer
977 4117 1005 4171 p.
1025 4107 1086 4160 205.
1167 4129 1176 4140 υ
1228 4115 1251 4126 ·’
