2838 4590
690 151 747 246 to

126 390 283 460 rederent.
327 385 402 462 Sed·
414 385 554 450 carmini
574 381 664 446 XXV
688 383 902 474 llermanuus
923 385 965 448 sd
983 381 1088 466 Orpb.
1118 403 1150 464 p.
1171 380 1240 466 691·
1263 379 1322 442 dos

126 477 194 542 cuit
214 476 318 536 inesse
339 469 456 554 multe,
478 490 561 553 quae
583 471 763 548 bucolicoe,
787 492 855 534 non
878 472 999 552 opicae,
1023 482 1057 532 et
1070 469 1228 549 sequioris
1246 485 1319 526 om·
1392 527 1393 550 p

126 558 344 640 ninoaetatis
366 557 431 640 sint
459 555 661 642 peculiaria,
707 571 905 638 quapropter
934 554 1003 618 non
1033 575 1123 636 posse
1156 551 1244 614 illud
1276 551 1321 624 ad

126 645 288 726 Panyasin
309 643 438 706 referri.
482 641 576 704 Idem
598 661 617 703 e
640 641 769 724 Moschi
790 643 925 725 Megara
946 643 1046 702 etiem
1078 639 1180 704 multo
1215 637 1323 700 adno-

127 733 228 807 tevit,
265 748 347 812 quae
369 727 455 790 illud
475 747 610 809 poema,
649 729 736 808 quod
754 728 949 796 Hermanno
969 747 1001 809 p.
1024 725 1087 809 760
1108 725 1161 784 vel
1182 721 1322 786 Moscbo'

127 813 293 881 recentius
315 814 463 890 videtur,
501 813 542 876 od
576 826 704 894 tempus
736 815 968 896 estantiquius
998 811 1170 892 retrudere
1196 820 1321 874 vetent.
1392 865 1393 886 ἶ

129 901 181 970 Ita
201 902 267 978 jam
288 899 476 974 concidunt,
501 917 583 980 quae
605 897 807 982 Schlegelius
827 900 868 960 de
889 898 992 965 tribus
1013 897 1196 960 Heracleae
1212 895 1321 974 Panya

129 983 257 1054 siedeae
279 985 473 1068 fragmentis
490 984 713 1067 hallucinatus
745 997 818 1064 est,¹
849 983 1042 1068 praesertim
1074 1002 1177 1064 quum
1206 999 1323 1053 verum

130 1071 198 1152 ejus
216 1073 439 1154 fragmentum
463 1061 780 1148 (Brauonsnalect.
798 1069 858 1138 111.
882 1055 960 1156 sod)
983 1069 1094 1149 spert'e
1116 1066 1230 1144 Ionica
1245 1064 1323 1134 aia,

129 1157 217 1232 lecto
248 1160 406 1242 scriptum
434 1157 494 1232 sit,
538 1175 638 1238 quam
672 1157 710 1218 in
738 1168 850 1221 nostro
880 1156 1027 1224 carmine
1053 1153 1183 1226 ¹codices
1212 1169 1323 1234 asper·

130 1254 262 1312 uantur.
1253 1241 1257 1252 '
1317 1281 1321 1290 ·

216 1327 282 1390 Sed
302 1347 346 1390 ne
366 1324 474 1390 XXIV
496 1325 626 1405 quidem
649 1346 785 1389 carmen
805 1327 942 1408 Panyasi
970 1324 1050 1387 licet
1069 1322 1184 1386 tribui.
1206 1320 1325 1404 „Quae

134 1415 226 1492 enim
254 1413 462 1476 Hermannus
492 1408 529 1470 in
559 1411 649 1474 XXV
680 1411 797 1498 idleio
827 1413 955 1476 invenit
983 1409 1177 1474 recentioris
1209 1408 1324 1470 aetatis
1393 1429 1394 1450 i

132 1500 266 1574 indicia,
289 1517 328 1560 ea
348 1515 411 1556 nec
431 1496 467 1555 in
489 1494 548 1556 illo
572 1497 698 1560 desunt.
742 1499 778 1562 E.
800 1517 829 1579 g.
846 1517 934 1570 uero.
958 1501 978 1572 5
1008 1491 1119 1560 καλὸν
1141 1495 1239 1574 (licet
1259 1493 1324 1554 boc
1393 1533 1394 1540 κ

133 1583 270 1648 Hesiodi
294 1579 449 1662 exemplo
472 1579 608 1648 defendi
629 1586 737 1666 possit,
760 1583 803 1652 cf.
826 1583 939 1652 Herm.
961 1581 1062 1663 Orpb.
1082 1601 1115 1662 p,
1131 1579 1211 1664 817)
1234 1598 1264 1648 V.
1286 1583 1324 1654 18

134 1670 256 1747 κυλίω,
278 1667 454 1734 serioribos
475 1678 605 1732 tautum
625 1673 802 1743 usitatumt
833 1663 928 1733 ὅπως
948 1690 977 1736 v.
1001 1675 1041 1742 23
1060 1685 1119 1748 pro
1140 1660 1260 1737 cisse.
1281 1668 1323 1744 34

135 1754 297 1836 correptio
317 1751 438 1818 uocalis
459 1767 535 1818 aute
557 1770 624 1838 stps
648 1779 676 1820 v.
702 1761 742 1830 35
764 1767 924 1826 auteurs
949 1776 979 1816 r.
996 1759 1039 1836 43
1057 1765 1134 1814 ante
1154 1750 1219 1830 dos
1242 1771 1273 1812 s.
1282 1755 1323 1830 47

135 1852 213 1902 ante
234 1853 301 1912 nm
322 1861 351 1906 v.
374 1842 510 1914 Stante
530 1857 594 1918 xvt
617 1863 646 1904 v.
665 1839 705 1916 65
728 1854 805 1902 ante
822 1857 867 1922 χρ
890 1852 975 1912 etus
998 1837 1166 1920 productio
1188 1848 1323 1918 propter

136 1927 225 1988 arsin
247 1925 332 2008 (non
352 1938 429 1988 ente
452 1925 628 2006 liquidem)
660 1947 690 1992 v.
713 1924 774 2000 683
817 1927 925 2002 hiatus
952 1925 1088 1986 illicitus
1118 1944 1179 1986 vv.-
1194 1937 1248 2005 70.
1271 1937 1323 2005 71.

137 2017 199 2094 753
244 2011 387 2091 denique
413 2011 570 2076 vocabula
598 2013 695 2074 etiam
724 2025 757 2076 et
778 2011 936 2074 dictiones
955 2010 1133 2072 Theocrito
1153 2009 1270 2068 usitata
1292 2025 1323 2076 eq

136 2118 166 2178 g.
189 2093 312 2160 wurdt
334 2094 426 2176 ἀωρί
450 2119 479 2159 v.
501 2101 544 2172 38
564 2109 602 2159 ut
620 2095 677 2162 XI.
700 2114 761 2176 40;
789 2095 992 2162 ἀσπάλαθοέ
1013 2118 1042 2157 v.
1065 2101 1106 2179 87
1130 2105 1164 2154 et
1184 2093 1239 2156 IV.
1260 2095 1323 2176 573

137 2179 177 2250 ἐκ
193 2179 355 2260 πατέρων
378 2202 407 2246 v.
433 2183 491 2256 105
519 2192 552 2245 et
572 2181 659 2244 XVI.
691 2187 752 2254 333
796 2185 913 2247 confer
944 2183 1044 2243 etiam
1074 2179 1321 2242 obtestationem

138 2267 285 2338 Tiresiae
315 2288 344 2330 v.
362 2270 408 2410 53
430 2265 648 2328 simillimam
663 2263 715 2331 illi
738 2266 794 2332 VI.
819 2285 897 2343 223¹
920 2279 954 2329 et
975 2267 1211 2342 lustrationem,
1224 2283 1251 2326 v.
1272 2257 1316 2334 86.

139 2371 226 2431 seqq.
249 2371 326 2412 oum
347 2351 358 2410 i
383 2349 441 2432 511.
465 2349 507 2414 II.
530 2385 574 2398 -
615 2351 693 2414 Nou
715 2353 814 2434 igitur
832 2354 974 2418 dubium
996 2352 1136 2427 videtur,
1161 2349 1234 2432 quin
1252 2343 1318 2406 hoc

139 2457 271 2514 carmen
291 2435 469 2500 Theocrito
492 2457 569 2501 cum
582 2435 749 2500 Eustochio
771 2453 804 2500 et
815 2439 936 2509 Scholl'.
958 2437 999 2504 ad
1013 2437 1109 2502 Pind.
1125 2450 1159 2498 et
1171 2431 1321 2516 Apellen.

139 2523 244 2588 Rhod.
268 2522 507 2586 restituendum
530 2525 580 2590 sit.
623 2525 768 2603 Quodsi
789 2525 1006 2605 probavimus,
1029 2523 1069 2594 de
1080 2523 1201 2588 XXVto
1226 2520 1326 2586 &tiam

140 2611 209 2674 nou
230 2611 367 2688 amplius
391 2609 532 2674 dubitari
553 2613 683 2691 poterit.
729 2609 827 2672 Certe
847 2631 910 2682 nec
931 2601 1099 2672 Reisltium
1124 2621 1157 2670 et
1179 2607 1326 2687 Koeppe.

141 2696 236 2758 nium
257 2693 472 2771 morabimur,
510 2699 566 2776 qui
588 2695 629 2758 ad
652 2695 859 2772 Pisandrum,
895 2715 959 2756 nec
986 2694 1232 2776 Stollbergium,
1273 2691 1328 2772 qui

142 2777 196 2840 vel
218 2777 259 2840 ad
278 2778 415 2843 Hesiodi
436 2779 568 2862 Scutum
588 2783 755 2862 pertinere
777 2781 863 2845 illud
883 2794 1081 2862 auguratust
1104 2799 1212 2860 neque
1233 2778 1329 2838 Wan

142 2875 260 2942 tonum
282 2863 468 2945 audiemus,¹
487 2866 554 2946 qui,
575 2886 672 2946 quum
689 2867 894 2947 simplicitate
910 2865 1079 2928 Theocriti
1101 2865 1329 2947 dignissimum

143 2950 246 3010 visum
270 2962 351 3009 esset
373 2947 537 3028 idyllium‚
559 2948 650 3010 idem
669 2945 782 3012 tamen
798 2952 973 3032 Odysseam
990 2951 1080 3014 olere
1103 2962 1135 3012 et
1151 2949 1331 3012 Theocrito

72 3071 77 3082 ι
145 3037 340 3118 suppositum
363 3054 430 3104 esse
451 3034 524 3098 eliis
544 3034 625 3098 locis
656 3037 881 3102 contenderit·
939 3111 942 3120 Ι

230 3155 295 3217 Sed
314 3153 516 3218 Eichstadius
536 3167 710 3236 superest‚.
744 3159 800 3238 qui
831 3177 907 3219 cum
937 3155 1058 3218 Beckio
1087 3175 1146 3236 pro
1176 3151 1331 3234 rhapsodi

144 3240 366 3303 alexandrini
394 3239 549 3324 opusculo
579 3261 712 3303 carmen
742 3241 932 3304 bebendum
957 3262 1029 3302 esse
1059 3261 1129 3303 non
1160 3237 1331 3302 contendit

148 3337 283 3403 tuntum,
306 3327 363 3390 sed
383 3327 526 3408 probare
545 3329 644 3388 etiem
666 3341 799 3389 conatus
822 3340 878 3404 est,
901 3327 1134 3407 plaudentibus
1153 3326 1277 3386 Dahlio
1299 3336 1332 3384 et

147 3409 343 3472 Reinholdo.
389 3412 430 3474 Et
449 3415 592 3494 primum
615 3414 755 3494 ⁸quidem
787 3415 839 3478 illi
868 3414 1024 3474 assentior
1056 3412 1222 3488 censenti,
1256 3426 1333 3472 non

147 3499 396 3578 integriorem
418 3493 563 3574 carmem
602 3499 658 3560 sed
681 3501 776 3564 initio
798 3515 832 3562 et
851 3499 919 3559 line
940 3498 1117 3570 mutilum3
1155 3517 1218 3558 nec
1238 3515 1333 3576 posse

149 3584 190 3644 de
213 3582 354 3664 partium
378 3597 452 3664 apte
470 3587 690 3647 concinnitate
718 3607 760 3649 ex
780 3585 842 3646 heo
864 3586 1048 3666 fragmento
1069 3583 1247 3666 quidquem
1269 3593 1335 3642 ste·

149 3671 208 3732 tui.
252 3667 463 3732 Sedulitatem
486 3684 591 3734 autem
613 3673 752 3732 auctoris
773 3671 809 3731 in
822 3673 965 3752 parergis
982 3671 1102 3731 diutius
1118 3667 1334 3750 immorandi,

96 3785 99 3794 ·
151 3775 249 3837 quam
272 3754 403 3834 castigat
422 3754 501 3830 ille,
534 3776 603 3818 non
631 3760 736 3840 probo
757 3757 904 3839 quidem,
937 3756 995 3820 sed
1015 3775 1034 3816 e
1052 3754 1196 3816 bucolici
1217 3765 1334 3832 poetae

147 3841 385 3902 ¹consuetudine
415 3839 625 3918 repetendam
656 3863 722 3902 esse
753 3857 786 3903 et
816 3841 1045 3922 explicandam
1075 3840 1186 3900 nullus
1208 3839 1334 3902 dubito.

150 3928 338 3988 pellexerat
359 3947 431 3990 eum
453 3925 541 3987 haud
564 3927 663 3986 dubie
686 3930 726 3988 ad
747 3927 904 4004 ejusmodi
926 3929 1123 3989 deverticula
1145 3925 1334 4006 argumenti

154 4021 227 4072 cum
251 4014 339 4094 poesi
361 4011 508 4082 bucolice
529 4015 685 4098 cognatio,
713 4028 746 4077 er
766 4015 882 4082 accidit
899 4015 960 4090 illi,
985 4013 1068 4096 quod
1084 4011 1260 4094 pictoribus
1284 4029 1334 4070 ac-
