2838 4590
703 157 761 248 42

630 265 840 283 ψ

132 395 224 460 Idem
243 390 381 467 scilicet,
414 413 513 478 quem
532 391 688 456 Moschus
709 391 743 451 ln
765 389 880 452 naenia
901 389 941 454 de
958 387 1069 454 Bionis
1091 404 1194 454 morte
1214 387 1328 452 laudat

132 503 164 544 v.
186 483 239 552 96
259 483 312 548 97.
354 479 399 540 At
421 479 551 541 Musuri
570 491 666 552 suut,
687 498 754 538 non
775 475 926 551 Moschi,
949 499 1059 539 versus
1079 477 1129 539 illi
1164 474 1196 553 ι)
1221 489 1256 537 et
1275 498 1327 536 ce-

133 566 201 628 lare
224 561 369 626 fraudem
390 565 640 626 susmMusuro
662 575 861 646 temporum
884 583 978 624 curae
1001 564 1085 640 fult,
1107 576 1145 624 ut
1166 562 1326 646 ipsissima

132 649 231 712 verba
252 670 292 710 ex
315 647 409 732 idyll·
432 650 508 714 vlt
527 661 673 734 surrepta
694 646 801 734 palam
823 668 899 706 usur
924 649 986 709 erit
1008 645 1051 724 ²).
1077 645 1253 730 .Lycidam
1270 668 1325 706 au-

131 749 197 796 tem
225 733 338 808 illum,
374 734 430 818 qui
451 748 499 796 est
519 735 554 795 in
574 733 685 798 Bionis
709 671 1128 808 mrmm.rvpesv11‚ne
1152 733 1224 816 quis
1244 729 1327 790 mihi

74 845 79 866 ¹
132 819 295 891 obtestata
317 839 391 880 nam
414 820 448 880 in
469 819 531 882 hoc
553 817 693 898 Lycidas
714 823 825 904 pastor
844 830 912 890 est,
937 817 1084 878 cantandi
1102 831 1170 879 arte
1184 815 1325 900 pollens,

133 903 237 988 qualis
259 903 392 983 Thyrsis
412 905 469 966 ille
491 903 701 966 Theocritous
722 905 756 962 in
778 901 823 964 id.
845 905 881 974 Ι,
911 917 944 963 et
972 918 1090 964 nomen
1113 916 1170 964 aut
1187 901 1326 966 fortuito
1392 935 1395 948 ·

131 991 376 1061 inventum¹aut
397 1011 439 1052 ex
459 988 553 1072 idyll.
585 1001 694 1049 nostro
716 987 876 1073 petitum}
918 987 1029 1050 ira'illo
1054 1002 1161 1048 sutem
1175 987 1325 1058 amasius,

130 1075 262 1138 nomine
281 1073 433 1157 Lycidas,
464 1072 691 1157 intelligendus
712 1085 769 1134 est·
816 1076 924 1158 Apage
957 1073 1054 1156 igitur
1075 1086 1207 1157 poetam
1228 1072 1329 1152 Lyci-

133 1159 226 1232 dam,
257 1179 352 1242 quem
384 1159 556 1240 ridiculum
584 1159 733 1243 profecto
763 1160 877 1220 fuisset
909 1159 935 1219 si
957 1159 1149 1222 Theocritus
1170 1170 1327 1239 tanquam

130 1243 321 1330 caprarium,
345 1244 512 1326 coagulum
533 1241 744 1315 redolentem,
768 1265 845 1306 cena
867 1243 955 1328 pelle
977 1243 1136 1314 indutum,
1159 1253 1325 1324 curvoque

131 1329 220 1417 pedo
252 1342 406 1392 armatum
438 1329 670 1414 proposuisset.
714 1329 791 1390 Non
820 1330 920 1411 magis
951 1328 1098 1412 equidem
1131 1329 1165 1388 in
1197 1325 1325 1409 hycida

129 1428 264 1501 poetam
286 1414 425 1497 aliquem
448 1433 597 1496 agnosco,
622 1435 716 1497 quam
737 1416 772 1475 in
780 1413 920 1476 Aristide
941 1435 972 1476 r.
984 1418 1036 1487 99,
1057 1414 1154 1474 tantis
1173 1411 1324 1475 laudibus

132 1499 316 1575 celebrato,
357 1510 396 1561 et
411 1519 540 1571 versus,
582 1521 661 1582 quos
685 1513 791 1560 cantat
812 1499 888 1570 ille,
918 1500 1038 1584 pariter
1060 1497 1227 1559 Theocriti
1257 1518 1326 1557 esse

131 1605 267 1656 censeo,
291 1577 468 1666 atqhe·qui
491 1583 525 1650 in
543 1580 588 1648 id.
610 1581 693 1647 Vm
712 1583 905 1670 Daphnidi,
939 1584 1144 1645 celeberrimo
1166 1582 1218 1642 illi
1243 1581 1325 1642 inter
1396 1609 1397 1612 ¹

132 1668 259 1734 Siculos
279 1680 424 1752 pastores
446 1682 574 1754 poetae,
591 1669 790 1754 ¹tribuuntur.
834 1671 886 1730 Ex
908 1667 957 1730 his
980 1683 1085 1730 autem
1106 1668 1205 1728 facile
1229 1665 1324 1726 intel-

71 1777 74 1786 ·
132 1753 243 1836 ligitur
254 1793 271 1825 ‚.
298 1771 353 1812 cur
375 1774 393 1813 a
416 1753 584 1827 Passovio,
617 1768 829 1841 praeceptore
858 1754 935 1815 olim
965 1754 1165 1816 meritissimo
1190 1765 1223 1814 et
1245 1751 1322 1812 dile-

132 1837 291 1912 ctissime,
315 1835 565 1902 dissentiendum
588 1839 754 1913 videatur,
778 1840 834 1924 qui
854 1837 999 1922 Lycidas
1020 1853 1137 1924 poetae
1158 1857 1285 1897 carmen
1307 1858 1323 1896 a

131 1922 306 1987 Theocrito
327 1924 480 1986 insertum
500 1923 617 2006 idyllio
632 1947 690 1985 suo
711 1925 763 1986 hic
786 1923 1035 2011 deprehendisse
1058 1924 1118 2004 sibi
1132 1922 1264 1984 videtur
1279 1914 1321 1996 ³).

133 2067 137 2076 .
214 2010 271 2072 De
291 2008 414 2090 idyllio
447 2011 530 2072 VHI
551 2008 754 2094 paragrapho
782 2012 891 2095 priore
920 2009 1077 2093 agendum
1103 2003 1239 2080 luisset,
1259 2006 1322 2076 nisi

129 2095 283 2160 Beclrium
311 2099 373 2171 jam
406 2093 462 2156 diu
492 2093 634 2178 piguisse
667 2093 778 2173 judicii
815 2096 865 2155 sui
897 2089 933 2169 ⁴)
974 2093 1054 2155 mihi
1085 2092 1320 2178 persensissem.

131 2179 262 2240 Etenim
284 2189 410 2262 praeter
432 2179 704 2261 grammaticorum
721 2177 837 2240 diserta
859 2179 1041 2240 testimonia
1070 2178 1154 2240 illud
1169 2199 1237 2238 eum
1260 2174 1314 2234 de·

129 2263 228 2325 hebet
248 2261 287 2322 ah
309 2261 368 2324 hac
390 2263 548 2324 sententia
567 2284 734 2336 revocare,
757 2263 844 2346 quod
858 2277 909 2326 tot
929 2261 1023 2343 hujus
1044 2265 1189 2328 carminis
1206 2279 1311 2326 versus

129 2346 286 2431 Virgilius
311 2359 472 2408 mutuatus
494 2360 550 2412 est.
581 2345 644 2408 Sed
666 2349 896 2412 Valckenarius
919 2347 976 2426 (sd
998 2352 1102 2414 Roev.
1125 2373 1159 2434 p.
1185 2350 1231 2418 13·
1259 2340 1312 2418 17)

129 2431 206 2494 inde
229 2453 248 2492 a
268 2453 364 2496 versu
385 2437 427 2502 28
448 2432 603 2495 nonnulla
625 2433 763 2496 inveniri
786 2433 864 2496 dicit
891 2433 1065 2496 Theocrito
1088 2435 1192 2496 minus
1214 2430 1316 2518 digna.

128 2519 204 2586 Hoc
225 2518 322 2600 igitur
344 2515 389 2578 de.
402 2515 522 2599 judicio
544 2512 895 2598 juvenisvalckensrii
917 2541 1020 2604 pauca
1043 2522 1207 2604 p'rol’eram
1226 2529 1258 2578 et
1279 2513 1319 2576 de

130 2604 280 2684 uuir-ersa
310 2616 447 2670 tantum¹
462 2604 606 2674 ratione;
650 2621 708 2666 neo
739 2605 823 2666 enim
854 2601 996 2688 singulos
1024 2623 1134 2666 versus
1158 2620 1266 2666 omnes
1286 2601 1320 2658 in

129 2686 280 2771 Epistola
308 2686 348 2747 ad
371 2691 553 2751 Roeverum
574 2689 761 2774 persecutus
783 2690 1074 2753 est'Valclrensrius
1095 2702 1129 2750 et
1150 2687 1191 2750 de
1213 2687 1319 2762 multis

129 2785 242 2924 postea
265 2773 455 2836 sententiam
477 2773 548 2858 ipse
568 2787 705 2836 mutasse
727 2772 863 2840 videtur.
918 2774 1134 2837 Offenderunt
1156 2787 1262 2834 autern
1283 2771 1321 2830 il-

30 2905 34 2915 .
144 2878 199 2918 uns
221 2877 331 2918 versus
355 2857 495 2940 elegiaci,
521 2872 553 2922 et
572 2873 789 2942 pentametros
803 2861 928 2944 spurios
952 2860 1127 2922 declaravit
1144 2855 1320 2931 omnes(ad

128 2943 234 3004 Roev.
262 2943 300 3008 15
323 2941 417 3000 initio
440 2955 473 3002 et
498 2947 536 3008 16
561 2939 650 3018 fine).
674 2943 749 3006 ·Sed
769 2945 896 3020 erravit,
918 2945 944 3006 si
966 2947 1096 3030 penitus
1119 2945 1246 3026 ignotos
1265 2963 1321 3002 ve·

128 3029 224 3094 tristis
245 3025 453 3110 grammaticis
476 3025 586 3097 dixit3¹
620 3026 737 3092 diserte
769 3030 854 3092 enirn
885 3030 995 3093 laudat
1027 3030 1203 3113 elegiacum
1222 3027 1320 3106 -hujus

129 3113 277 3174 carminis
299 3124 436 3174 metrum
456 3112 565 3174 Draco
588 3111 681 3175 Stret.
709 3119 780 3187 161,
803 3121 854 3186 αὖ.
914 3117 991 3192 Non
1013 3117 1126 3176 mirum
1149 3127 1257 3174 autem
1282 3110 1323 3172 de

129 3217 169 3262 eo
189 3195 276 3260 nihil
291 3195 470 3282 prodidisse
492 3198 709 3280 grammaticos
732 3199 824 3272 illos,
862 3203 918 3284 qui
942 3200 981 3262 tle
1003 3199 1157 3264 bucolicis
1178 3197 1321 3264 versibus

129 3296 287 3364 egerunt3
309 3281 497 3348 nihil-enim
520 3281 640 3346 habent
661 3287 855 3368 pentametri
875 3286 946 3356 illi,
973 3307 1037 3368 quo
1060 3307 1078 3346 a
1100 3283 1236 3366 reliquis
1261 3281 1323 3342 dif-

126 3367 245 3431 terant«
288 3365 396 3432 Mults
418 3381 584 3460 praeterea
613 3391 654 3432 ex
686 3369 737 3430 his
765 3371 845 3454 ipsis
868 3369 1065 3436 tetrastlohis
1091 3369 1127 3430 in
1148 3391 1225 3438 usus
1250 3387 1322 3432 suos

671 3473 673 3480 s
781 3479 787 3502 l
844 3489 845 3494 η

128 3489 330 3508 μι-ιι--η

197 3548 224 3618 1)
259 3540 378 3612 Confer.
396 3566 460 3626 pag.
479 3557 506 3624 9.
558 3555 588 3618 2)
608 3549 693 3608 Conl-
721 3549 852 3638 ὄμματι
880 3553 1083 3635 uazdzooat‘te
1105 3515 1169 3608 Vll.
1194 3548 1322 3634 auctr)

124 3635 209 3720 arpis
228 3635 426 3715 μειδιόωντι
453 3636 519 3702 σὺν
537 3634 668 3718 ὄμματι
694 3672 724 3713 v.
749 3661 783 3718 97
806 3651 924 3709 Moschi
948 3653 999 3720 (de
1024 3651 1123 3710 eodem
1150 3647 1264 3724 Lysias
1291 3651 1322 3706 in

123 3744 246 3810 utroque
263 3732 367 3805 loco)··
386 3724 568 3802 Tprottldaff
579 3739 717 3792 Maturus
734 3751 879 3810 mutuatus
898 3754 938 3794 est
957 3737 1032 3796 exit
1051 3731 1136 3792 XVII
1152 3719 1319 3800 fissfAdt'r·

123 3825 211 3878 faex
224 3818 289 3880 Vll:
302 3839 325 3877 1.
342 3806 504 3888 καπυρόν
518 3807 633 3887 στόμα
650 3839 686 3880 ex
703 3821 735 3880 id
766 3817 831 3883 vlt
850 3833 893 3888 57.
917 3823 1004 3896 Conl.
1032 3822 1116 3878 ctiam
1137 3819 1322 3896 Moschiqui

124 3887 214 3952 fertur
237 3910 257 3942 v
289 3898 420 3954 95=crssn
442 3887 483 3946 id.
508 3891 531 3943 1.
547 3899 592 3950 72.
957 3942 961 3952 p
993 3919 994 3926 κ
1050 3911 1055 3920 ¹

130 3993 160 4010 κ,
192 3961 225 4017 ὅ)
242 3956 316 4012 Vide
337 3953 471 4010 Seebodii
490 3956 665 4014 Archivsll.
685 3978 712 4018 ι,
731 3965 787 4023 ¹8⁰·
823 3997 824 4002 ,

191 4023 222 4093 4)
242 4022 363 4080 Obssrr.
382 4022 603 4118 critico-Qec
621 4043 652 4100 Ρ,
674 4027 708 4087 V.
726 4045 756 4098 p,
776 4029 855 4088 Vlll,·
