2838 4590
712 265 739 320 Ο

613 350 824 362 munt-u-

210 445 281 516 Per·
307 453 481 538 quattuor
506 443 620 538 igitur
650 457 764 512 annos
791 441 943 512 interlui
968 438 1140 510 Virorum
1166 439 1309 510 Dostia-

138 549 317 618 simorum
343 563 382 620 et
404 547 740 618 Illustrissimorum
766 544 1006 633 lectionibus,
1029 543 1227 630 Wachleri,
1252 545 1307 612 hi·
1405 625 1406 640 5

137 652 290 722 storiam
318 650 495 737 docentis,
516 648 676 722 Passcvii
703 663 741 718 et
763 646 998 732 Schneideri‚
1023 647 1247 716 Graecorum
1270 661 1308 716 et

138 754 391 834 Romanorum
406 753 550 846 scripta,
567 773 727 821 necnon
745 750 936 820 historiam
949 751 1149 820 literariam
1167 771 1308 836 eorum,

140 853 346 927 doctrinam
368 858 479 928 etiam
502 855 695 924 metricam
716 868 754 924 et
778 853 1013 944 antiquitates
1036 851 1309 944 explicantium,

138 957 345 1048 Brandesii,
380 959 566 1032 mathesin
588 955 782 1044 tradentis,
821 956 1003 1048 Kayssleri
1029 954 1207 1045 denique,
1247 961 1310 1020 τοῦ

140 1075 346 1155 Μακαριτου
372 1061 416 1132 de
442 1060 674 1155 philosophia
709 1058 937 1152 disputantis.
989 1057 1157 1128 Maximo
1184 1069 1310 1125 autem

140 1184 227 1232 cum
252 1163 377 1235 fructu
399 1188 464 1256 per
488 1184 630 1232 annum
655 1176 692 1232 et
715 1159 913 1231 dimidium
936 1160 1131 1230 seminarii
1156 1157 1311 1250 philolo-

140 1265 255 1358 logici
296 1264 621 1336 exercitationibus
656 1257 831 1353 interlui,
880 1284 951 1332 nec
991 1264 1114 1332 dicere
1149 1283 1311 1354 possum,

142 1383 321 1456 quantum
358 1368 412 1437 ibi
442 1366 679 1457 jucunditatis
710 1365 768 1438 vel
807 1389 828 1436 e
858 1367 1066 1439 studiorum
1101 1379 1236 1464 genere
1273 1376 1312 1432 et

142 1469 316 1540 Virorum
339 1470 651 1556 Clarissimorum,
672 1471 736 1560 qui
760 1467 965 1539 &minaria
987 1483 1172 1562 praesunt,
1193 1463 1314 1536 erudi-

142 1571 245 1640 tione
266 1587 303 1643 et
328 1573 594 1642 humanitate
583 1571 739 1666 rosigni,
779 1572 837 1640 vel
862 1594 882 1639 e
904 1572 1201 1642 commilitonum
1224 1567 1314 1638 ami

143 1674 398 1765 cissimorum,
448 1697 549 1746 num
591 1675 779 1749 doctrinae
819 1674 929 1746 laude
965 1673 1325 1746 florentissimorum·

143 1777 327 1852 consortio
353 1778 565 1872 suavissimo
591 1778 762 1871 ceperim.
805 1771 1068 1869 'maximopere
1093 1773 1316 1846 autemlae-

143 1891 219 1967 ter,
255 1882 330 1969 jam
363 1881 458 1952 mihi
491 1882 639 1974 copiam
663 1882 797 1960 laetam
822 1903 921 1968 esse,
959 1877 1147 1967 Passurio,
1188 1878 1232 1946 V.
1256 1875 1312 1948 Cl.

142 1982 294 2073 gratias,
324 1999 477 2076 quantas
502 2005 658 2076 possum⁴
677 1983 874 2070 maximas,
909 1983 972 2052 hie
995 1983 1143 2074 publice
1166 1978 1313 2076 agendi·

143 2083 327 2156 llleenim
350 2085 561 2164 nouaclum
581 2085 797 2154 liberalitate
817 2085 952 2153 eximie
969 2101 1169 2180 egestatem
1191 2103 1313 2155 meam
1405 2163 1406 2170 ,

143 2186 338 2274 adlevavit,¹
357 2187 422 2258 sed
442 2187 555 2258 etiarn
577 2189 744 2258 animum
758 2188 937 2258 afflictum
955 2189 1082 2276 erexit,
1104 2186 1312 2258 studiorum

144 2310 294 2362 cursum
325 2289 474 2381 privatis
507 2291 668 2360 consiliis
709 2304 764 2360 est
791 2289 999 2360 moderatus
1033 2307 1072 2360 et
1103 2291 1150 2360 ad
1175 2289 1313 2382 optima
1404 2317 1405 2328 ¹

144 2413 313 2482 quaeque
345 2415 469 2474 suasor
504 2407 541 2464 et
566 2395 735 2462 hortator
760 2393 907 2462 exstitit.
958 2393 1135 2482 Ejusdem
1158 2392 1313 2468 auctori·

144 2505 220 2564 tate
245 2493 351 2564 initio
382 2495 470 2564 anni
494 2495 733 2572 MDCCCXX
764 2519 785 2566 a
811 2496 964 2566 Summo
993 2497 1174 2582 Consilio,
1213 2492 1314 2585 quod

144 2597 253 2668 rebus
279 2597 503 2668 scholasticis
527 2621 595 2692 per
614 2597 840 2691 provinciam
872 2615 1034 2668 nostram
1055 2612 1216 2718 praeest,
1253 2619 1316 2688 pe·

126 2698 227 2782 tiri,
253 2715 295 2769 ut
316 2699 362 2770 ad
378 2723 532 2771 examen
547 2701 783 2775 subeundum
796 2702 1063 2793 admitterer,
1052 2724 1092 2771 an
1088 2718 1184 2817 quo
1196 2719 1313 2792 quum
1402 2759 1403 2764 ,

143 2821 263 2870 essem
287 2802 481 2895 probatus,
519 2805 658 2922 evenit,
695 2819 739 2873 ut
766 2806 804 2874 F
827 2805 871 2876 N.
900 2805 1004 2874 lllein
1034 2805 1080 2874 ad
1088 2789 1313 2891 Directoris,

146 2900 243 2990 quod
273 2926 382 2996 sarpta
407 2907 621 2994 memorari,
643 2929 783 2976 munus
796 2907 1070 2998 suscipiendum
1088 2919 1312 2978 avocaretur

143 3003 297 3092 Hujus
281 3030 327 3076 on
352 3009 477 3076 locum
503 3029 572 3102 ege
595 3010 765 3094 successi,
787 3009 996 3100 recepticio
1013 3033 1073 3078 rna
1093 3008 1314 3080 lectionibus

64 3159 68 3170 .
144 3107 221 3193 ejus
250 3111 442 3195 omnibus3
488 3125 530 3184 et
553 3110 685 3180 exinde
719 3110 765 3180 ad
795 3111 896 3180 idem
917 3112 1176 3203 Gymnasium,
1215 3110 1313 3202 quod

144 3230 376 3302 strepuerunt
391 3212 576 3298 educavit,
600 3213 871 3290 adolescentem
896 3213 1074 3303 excoluit,
1099 3237 1315 3308 pernoram
1400 3237 1401 3308 ᾗ

100 3387 103 3394 5
142 3312 218 3397 jam
246 3316 357 3386 uirilis
379 3316 505 3386 aetatis
535 3337 651 3392 aanor
675 3339 825 3386 ornnem
847 3339 970 3388 meam
994 3341 1143 3409 operam
1162 3317 1313 3394 contuli

142 3413 269 3484 Primo
296 3419 409 3506 hujus
432 3419 544 3489 officii
567 3439 664 3492 attno
689 3419 985 3508 interfuistiam,
1010 3422 1217 3490 Seminario
1228 3441 1314 3510 paee

145 3515 323 3612 dagngice
344 3538 444 3592 extra
468 3521 636 3592 ordinem
660 3521 879 3614 adscriptus,
913 3523 1095 3616 Kayssleri
1118 3525 1163 3592 de
1183 3544 1313 3615 puero

143 3642 227 3689 rum
266 3621 497 3694 institutione
538 3640 588 3696 et
616 3625 811 3702 literarum
855 3627 1128 3710 tractandarum
1170 3626 1313 3697 ratione
1398 3661 1399 3708 3

144 3721 470 3815 disputationihue3
506 3725 704 3815 ejusdem
695 3749 734 3796 m
760 3728 959 3820 Gymnasio
984 3728 1230 3800 Fridericiano
1259 3751 1312 3798 re·
1398 3717 1399 3829 l

144 3821 266 3918 gendo
297 3828 497 3896 sollertiam
526 3847 564 3898 et
597 3830 816 3898 industriam
848 3853 925 3900 nen
949 3831 1033 3902 sine
1064 3854 1198 3926 magno
1228 3855 1315 3901 meo

144 3929 269 4001 lructu
293 3945 440 4000 antea
418 3935 491 4019 jum
515 3949 683 4024 expertus
710 3957 830 4017 eram,
862 3957 976 4025 quum
1004 3935 1046 4002 in
1072 3936 1136 4003 illo
1165 3935 1258 4008 lutlo
1274 3937 1314 4006 le

139 4036 279 4108 terario.
295 4035 436 4124 scholas
463 4033 601 4127 aliquas
624 4059 689 4129 per
715 4058 857 4108 anuum
879 4039 957 4120 lere
980 4040 1165 4118 haherent.
